7471578,17.88500000,15.23100000,272.40643500,1626998449468,False,True
7471579,17.89500000,2.88000000,51.53760000,1626998452031,False,True
7471580,17.89500000,2.88000000,51.53760000,1626998452031,False,True
7471581,17.89500000,2.88000000,51.53760000,1626998452031,False,True
7471582,17.89500000,2.88000000,51.53760000,1626998452031,False,True
7471583,17.89500000,2.88000000,51.53760000,1626998452031,False,True
7471584,17.89500000,2.88000000,51.53760000,1626998452031,False,True
7471585,17.89500000,2.88000000,51.53760000,1626998452031,False,True
7471586,17.89500000,2.88000000,51.53760000,1626998452031,False,True
7471587,17.89500000,2.88000000,51.53760000,1626998452031,False,True
7471588,17.89500000,2.04500000,36.59527500,1626998452031,False,True
7471589,17.89600000,9.46300000,169.34984800,1626998452121,False,True
7471590,17.89600000,1.89100000,33.84133600,1626998452222,False,True
7471591,17.89600000,75.00000000,1342.20000000,1626998453192,False,True
7471592,17.89600000,10.00000000,178.96000000,1626998453195,False,True
7471593,17.89600000,65.51000000,1172.36696000,1626998453198,False,True
7471594,17.90600000,13.44000000,240.65664000,1626998453267,False,True
7471595,17.90600000,56.39500000,1009.80887000,1626998453272,False,True
7471596,17.90600000,0.16500000,2.95449000,1626998453279,False,True
7471597,17.94000000,70.00000000,1255.80000000,1626998467805,False,True
7471598,17.92700000,4.69100000,84.09555700,1626998473075,True,True
7471599,17.92400000,9.30000000,166.69320000,1626998474840,True,True
7471600,17.92200000,96.86300000,1735.97868600,1626998474848,True,True
7471601,17.94200000,0.83700000,15.01745400,1626998487982,False,True
7471602,17.92200000,14.10300000,252.75396600,1626998499629,False,True
7471603,17.92600000,9.30000000,166.71180000,1626998499673,False,True
7471604,17.94600000,1.65900000,29.77241400,1626998547098,True,True
7471605,17.94700000,70.00000000,1256.29000000,1626998550803,False,True
7471606,17.95300000,13.55100000,243.28110300,1626998550812,True,True
7471607,17.95100000,69.87900000,1254.39792900,1626998588328,False,True
7471608,17.95100000,79.19300000,1421.59354300,1626998589258,False,True
7471609,17.98300000,4.05000000,72.83115000,1626998601242,False,True
7471610,17.99700000,4.20000000,75.58740000,1626998601916,False,True
7471611,17.97700000,1.28100000,23.02853700,1626998602185,True,True
7471612,17.98600000,0.62200000,11.18729200,1626998614182,True,True
7471613,17.96800000,9.30000000,167.10240000,1626998622974,True,True
7471614,17.96500000,0.83400000,14.98281000,1626998622974,True,True
7471615,17.96800000,9.30000000,167.10240000,1626998628635,True,True
7471616,17.96800000,9.30000000,167.10240000,1626998628655,True,True
7471617,17.93100000,1.47700000,26.48408700,1626998686666,True,True
7471618,17.94900000,3.82900000,68.72672100,1626998714730,False,True
7471619,17.92000000,6.85000000,122.75200000,1626998751620,True,True
7471620,17.91100000,5.09800000,91.31027800,1626998751620,True,True
7471621,17.89700000,5.00200000,89.52079400,1626998751620,True,True
7471622,17.89700000,0.61900000,11.07824300,1626998764648,True,True
7471623,17.91200000,1.20900000,21.65560800,1626998766523,False,True
7471624,17.90000000,55.86500000,999.98350000,1626998806287,False,True
7471625,17.89700000,1.14100000,20.42047700,1626998841763,True,True
7471626,17.88500000,4.19300000,74.99180500,1626998844151,True,True
7471627,17.87600000,1.60000000,28.60160000,1626998853508,False,True
7471628,17.83600000,9.40500000,167.74758000,1626998878022,True,True
7471629,17.83600000,9.40500000,167.74758000,1626998878022,True,True
7471630,17.83600000,9.40500000,167.74758000,1626998878022,True,True
7471631,17.83600000,9.40500000,167.74758000,1626998878022,True,True
7471632,17.83600000,9.40500000,167.74758000,1626998878022,True,True
7471633,17.83600000,6.54600000,116.75445600,1626998878022,True,True
7471634,17.83600000,2.85900000,50.99312400,1626998878621,True,True
7471635,17.83600000,9.40500000,167.74758000,1626998878719,True,True
7471636,17.83600000,8.49500000,151.51682000,1626998878727,True,True
7471637,17.83600000,0.91000000,16.23076000,1626998879074,True,True
7471638,17.83600000,9.40500000,167.74758000,1626998879074,True,True
7471639,17.83600000,6.92000000,123.42512000,1626998879074,True,True
7471640,17.83900000,0.62200000,11.09585800,1626998880216,False,True
7471641,17.83900000,8.67800000,154.80684200,1626998880645,False,True
7471642,17.83900000,9.30000000,165.90270000,1626998880667,False,True
7471643,17.84000000,130.70000000,2331.68800000,1626998880667,False,True
7471644,17.84000000,9.30000000,165.91200000,1626998880676,False,True
7471645,17.84100000,28.05800000,500.58277800,1626998880676,False,True
7471646,17.84200000,140.00000000,2497.88000000,1626998880676,False,True
7471647,17.84300000,31.00000000,553.13300000,1626998880688,False,True
7471648,17.84300000,31.00000000,553.13300000,1626998880707,False,True
7471649,17.84600000,109.00000000,1945.21400000,1626998880707,False,True
7471650,17.84900000,39.20000000,699.68080000,1626998880725,False,True
7471651,17.85000000,99.36400000,1773.64740000,1626998880725,False,True
7471652,17.86000000,7.29900000,130.36014000,1626998882555,False,True
7471653,17.86000000,5.60000000,100.01600000,1626998912170,False,True
7471654,17.86000000,129.22700000,2307.99422000,1626998925969,False,True
7471655,17.86200000,7.67000000,137.00154000,1626998925976,False,True
7471656,17.87700000,4.20000000,75.08340000,1626998930197,False,True
7471657,17.86100000,35.90000000,641.20990000,1626998964718,True,True
7471658,17.86000000,9.30000000,166.09800000,1626998964718,True,True
7471659,17.85900000,14.80000000,264.31320000,1626998964718,True,True
7471660,17.82700000,1.53900000,27.43575300,1626999100224,False,True
7471661,17.80400000,1.60000000,28.48640000,1626999143511,False,True
7471662,17.79800000,5.60000000,99.66880000,1626999166388,False,True
7471663,17.79800000,5.60000000,99.66880000,1626999168775,False,True
7471664,17.80000000,4.08800000,72.76640000,1626999247575,False,True
7471665,17.80700000,22.50000000,400.65750000,1626999371231,False,True
7471666,17.83300000,1.68100000,29.97727300,1626999410910,False,True
7471667,17.83300000,2.51900000,44.92132700,1626999410910,False,True
7471668,17.81300000,9.30000000,165.66090000,1626999413436,True,True
7471669,17.81300000,35.70000000,635.92410000,1626999413436,True,True
7471670,17.81200000,14.92300000,265.80847600,1626999413436,True,True
7471671,17.80900000,2.44000000,43.45396000,1626999413436,True,True
7471672,17.80800000,15.66900000,279.03355200,1626999413436,True,True
7471673,17.80700000,26.42700000,470.58558900,1626999413436,True,True
7471674,17.79900000,15.86700000,282.41673300,1626999413436,True,True
7471675,17.79700000,17.00000000,302.54900000,1626999413436,True,True
7471676,17.79600000,2.88900000,51.41264400,1626999413436,True,True
7471677,17.79600000,2.88900000,51.41264400,1626999413436,True,True
7471678,17.79600000,2.88900000,51.41264400,1626999413436,True,True
7471679,17.79600000,2.88900000,51.41264400,1626999413436,True,True
7471680,17.79600000,2.88900000,51.41264400,1626999413436,True,True
7471681,17.79600000,2.88900000,51.41264400,1626999413436,True,True
7471682,17.79600000,2.88900000,51.41264400,1626999413436,True,True
7471683,17.79600000,2.88900000,51.41264400,1626999413436,True,True
7471684,17.79600000,2.88900000,51.41264400,1626999413436,True,True
7471685,17.79600000,2.05200000,36.51739200,1626999413436,True,True
7471686,17.79500000,33.00300000,587.28838500,1626999413436,True,True
7471687,17.79500000,31.00000000,551.64500000,1626999413436,True,True
7471688,17.79500000,55.61800000,989.72231000,1626999413442,False,True
7471689,17.82800000,2.89000000,51.52292000,1626999418592,False,True
7471690,17.82800000,2.71000000,48.31388000,1626999418592,False,True
7471691,17.82800000,0.18000000,3.20904000,1626999421193,False,True
7471692,17.82800000,2.89000000,51.52292000,1626999421193,False,True
7471693,17.82800000,2.53000000,45.10484000,1626999421193,False,True
7471694,17.82800000,0.36000000,6.41808000,1626999441535,False,True
7471695,17.82800000,2.89000000,51.52292000,1626999441535,False,True
7471696,17.82800000,2.89000000,51.52292000,1626999441535,False,True
7471697,17.82800000,2.89000000,51.52292000,1626999441535,False,True
7471698,17.82800000,2.89000000,51.52292000,1626999441535,False,True
7471699,17.82800000,2.89000000,51.52292000,1626999441535,False,True
7471700,17.82800000,1.58200000,28.20389600,1626999441535,False,True
7471701,17.82800000,0.47200000,8.41481600,1626999442975,False,True
7471702,17.82900000,70.00000000,1248.03000000,1626999443033,False,True
7471703,17.87600000,5.60000000,100.10560000,1626999498171,False,True
7471704,17.87600000,3.00000000,53.62800000,1626999500668,False,True
7471705,17.87600000,5.60000000,100.10560000,1626999500997,False,True
7471706,17.88500000,2.40000000,42.92400000,1626999503674,False,True
7471707,17.90800000,1.67600000,30.01380800,1626999520574,False,True
7471708,17.90800000,5.60000000,100.28480000,1626999523823,False,True
7471709,17.90800000,5.60000000,100.28480000,1626999525840,False,True
7471710,17.90800000,5.60000000,100.28480000,1626999527924,False,True
7471711,17.89900000,2.40000000,42.95760000,1626999549072,False,True
7471712,17.89900000,2.60000000,46.53740000,1626999554858,False,True
7471713,17.90800000,3.10000000,55.51480000,1626999558268,False,True
7471714,17.90800000,3.10000000,55.51480000,1626999560502,False,True
7471715,17.90800000,5.60000000,100.28480000,1626999560554,False,True
7471716,17.92200000,2.40000000,43.01280000,1626999563980,False,True
7471717,17.93200000,9.30000000,166.76760000,1626999575937,False,True
7471718,17.93800000,35.35000000,634.10830000,1626999575937,False,True
7471719,17.93900000,46.95000000,842.23605000,1626999575937,False,True
7471720,17.94400000,2.78600000,49.99198400,1626999583185,False,True
7471721,17.94400000,5.60000000,100.48640000,1626999587820,False,True
7471722,17.94400000,5.30000000,95.10320000,1626999588514,False,True
7471723,17.94400000,3.10000000,55.62640000,1626999588766,False,True
7471724,17.94400000,2.00000000,35.88800000,1626999589443,False,True
7471725,17.96700000,1.53900000,27.65121300,1626999722272,True,True
7471726,17.97500000,2.35200000,42.27720000,1626999734987,True,True
7471727,17.98100000,2.30000000,41.35630000,1626999788372,False,True
7471728,17.98200000,1.80000000,32.36760000,1626999789364,False,True
7471729,17.98100000,1.41000000,25.35321000,1626999805576,False,True
7471730,17.98100000,27.32000000,491.24092000,1626999805759,False,True
7471731,17.98100000,8.40500000,151.13030500,1626999806811,False,True
7471732,17.98100000,3.10000000,55.74110000,1626999807369,False,True
7471733,17.98100000,5.60000000,100.69360000,1626999809131,False,True
7471734,17.98100000,100.37000000,1804.75297000,1626999810256,False,True
7471735,17.97000000,4.68500000,84.18945000,1626999849941,True,True
7471736,17.97000000,5.00000000,89.85000000,1626999853188,True,True
7471737,17.97000000,55.00000000,988.35000000,1626999853242,True,True
7471738,17.97000000,11.86000000,213.12420000,1626999853244,True,True
7471739,17.97000000,5.00000000,89.85000000,1626999853246,True,True
7471740,17.97000000,15.00000000,269.55000000,1626999853247,True,True
7471741,17.97000000,14.38800000,258.55236000,1626999853257,True,True
7471742,17.94400000,4.15600000,74.57526400,1626999854143,True,True
7471743,17.94200000,2.86800000,51.45765600,1626999857742,True,True
7471744,17.94200000,2.86800000,51.45765600,1626999857787,True,True
7471745,17.94200000,2.86800000,51.45765600,1626999857787,True,True
7471746,17.94200000,2.86800000,51.45765600,1626999857787,True,True
7471747,17.94200000,2.86800000,51.45765600,1626999857787,True,True
7471748,17.94200000,2.86800000,51.45765600,1626999857787,True,True
7471749,17.94200000,2.86800000,51.45765600,1626999857787,True,True
7471750,17.94200000,2.86800000,51.45765600,1626999857787,True,True
7471751,17.94200000,2.86800000,51.45765600,1626999857787,True,True
7471752,17.94200000,2.03300000,36.47608600,1626999857787,True,True
7471753,17.92800000,1.00400000,17.99971200,1626999905405,False,True
7471754,17.91600000,0.68300000,12.23662800,1626999917219,False,True
7471755,17.91300000,2.05000000,36.72165000,1626999952341,True,True
7471756,17.94400000,2.30000000,41.27120000,1626999959356,False,True
7471757,17.94900000,2.87100000,51.53157900,1626999966207,False,True
7471758,17.94900000,2.87100000,51.53157900,1626999966207,False,True
7471759,17.94900000,2.87100000,51.53157900,1626999966207,False,True
7471760,17.94900000,2.87100000,51.53157900,1626999966207,False,True
7471761,17.94900000,2.87100000,51.53157900,1626999966207,False,True
7471762,17.94900000,2.87100000,51.53157900,1626999966207,False,True
7471763,17.94900000,2.87100000,51.53157900,1626999966207,False,True
7471764,17.94900000,2.87100000,51.53157900,1626999966207,False,True
7471765,17.94900000,2.87100000,51.53157900,1626999966207,False,True
7471766,17.94900000,2.04100000,36.63390900,1626999966207,False,True
7471767,17.95000000,9.87200000,177.20240000,1626999966207,False,True
7471768,17.95900000,5.60000000,100.57040000,1626999967594,False,True
7471769,17.95900000,3.70000000,66.44830000,1626999967743,False,True
7471770,17.96000000,4.54200000,81.57432000,1626999967743,False,True
7471771,17.92500000,9.30000000,166.70250000,1626999990102,True,True
7471772,17.92400000,27.25400000,488.50069600,1626999990102,True,True
7471773,17.91200000,8.37400000,149.99508800,1626999990102,True,True
7471774,17.91100000,2.95700000,52.96282700,1626999990102,True,True
7471775,17.91000000,15.93300000,285.36003000,1626999990102,True,True
7471776,17.90800000,2.86900000,51.37805200,1626999990102,True,True
7471777,17.90800000,45.93000000,822.51444000,1626999990102,True,True
7471778,17.90800000,2.86900000,51.37805200,1626999990102,True,True
7471779,17.90800000,2.86900000,51.37805200,1626999990102,True,True
7471780,17.90800000,2.86900000,51.37805200,1626999990102,True,True
7471781,17.90800000,2.86900000,51.37805200,1626999990102,True,True
7471782,17.90800000,2.86900000,51.37805200,1626999990102,True,True
7471783,17.90800000,2.86900000,51.37805200,1626999990102,True,True
7471784,17.90800000,2.86900000,51.37805200,1626999990102,True,True
7471785,17.90800000,2.86900000,51.37805200,1626999990102,True,True
7471786,17.90800000,2.03300000,36.40696400,1626999990102,True,True
7471787,17.90700000,47.52800000,851.08389600,1626999990102,True,True
7471788,17.89800000,9.81600000,175.68676800,1627000014869,True,True
7471789,17.88200000,5.03200000,89.98222400,1627000029057,True,True
7471790,17.85100000,4.20000000,74.97420000,1627000100937,False,True
7471791,17.85100000,2.40000000,42.84240000,1627000103219,False,True
7471792,17.85100000,1.30000000,23.20630000,1627000105422,False,True
7471793,17.85600000,2.88600000,51.53241600,1627000145298,False,True
7471794,17.85600000,2.71400000,48.46118400,1627000145298,False,True
7471795,17.85800000,5.60000000,100.00480000,1627000146248,False,True
7471796,17.86000000,5.60000000,100.01600000,1627000181613,False,True
7471797,17.86500000,70.00000000,1250.55000000,1627000244440,False,True
7471798,17.88400000,4.92900000,88.15023600,1627000246324,False,True
7471799,17.88500000,2.88100000,51.52668500,1627000257377,False,True
7471800,17.88500000,0.81900000,14.64781500,1627000257377,False,True
7471801,17.88500000,2.06200000,36.87887000,1627000259026,False,True
7471802,17.88500000,2.88100000,51.52668500,1627000259026,False,True
7471803,17.88500000,0.65700000,11.75044500,1627000259026,False,True
7471804,17.88500000,2.22400000,39.77624000,1627000259197,False,True
7471805,17.88500000,2.88100000,51.52668500,1627000259197,False,True
7471806,17.88500000,0.49500000,8.85307500,1627000259197,False,True
7471807,17.88500000,2.38600000,42.67361000,1627000259986,False,True
7471808,17.88500000,2.88100000,51.52668500,1627000259986,False,True
7471809,17.88500000,0.33300000,5.95570500,1627000259986,False,True
7471810,17.88500000,2.54800000,45.57098000,1627000260524,False,True
7471811,17.88500000,2.88100000,51.52668500,1627000260524,False,True
7471812,17.88500000,0.17100000,3.05833500,1627000260524,False,True
7471813,17.88500000,1.87800000,33.58803000,1627000260983,False,True
7471814,17.88600000,3.72200000,66.57169200,1627000260983,False,True
7471815,17.89000000,2.40000000,42.93600000,1627000262813,False,True
7471816,17.90600000,5.60000000,100.27360000,1627000268527,False,True
7471817,17.90600000,5.60000000,100.27360000,1627000269471,False,True
7471818,17.90600000,5.60000000,100.27360000,1627000270429,False,True
7471819,17.91200000,5.60000000,100.30720000,1627000275568,False,True
7471820,17.84100000,5.00000000,89.20500000,1627000360479,True,True
7471821,17.84700000,0.56600000,10.10140200,1627000360851,False,True
7471822,17.84700000,0.56600000,10.10140200,1627000360889,False,True
7471823,17.84100000,12.93300000,230.73765300,1627000377420,False,True
7471824,17.84600000,11.83500000,211.20741000,1627000417800,True,True
7471825,17.84600000,5.00000000,89.23000000,1627000417811,True,True
7471826,17.84600000,21.39300000,381.77947800,1627000417813,True,True
7471827,17.84600000,15.00000000,267.69000000,1627000417814,True,True
7471828,17.83400000,1.85000000,32.99290000,1627000438212,False,True
7471829,17.82000000,1.53000000,27.26460000,1627000466485,False,True
7471830,17.84500000,5.60000000,99.93200000,1627000545556,False,True
7471831,17.84800000,11.40600000,203.57428800,1627000566796,False,True
7471832,17.86300000,1.30000000,23.22190000,1627000692003,False,True
7471833,17.86300000,5.60000000,100.03280000,1627000693070,False,True
7471834,17.87400000,5.60000000,100.09440000,1627000706191,False,True
7471835,17.87400000,5.60000000,100.09440000,1627000714393,False,True
7471836,17.87600000,1.80000000,32.17680000,1627000716916,False,True
7471837,17.87600000,1.39900000,25.00852400,1627000721695,False,True
7471838,17.87800000,1.30000000,23.24140000,1627000747779,False,True
7471839,17.87900000,1.30000000,23.24270000,1627000750901,False,True
7471840,17.88200000,5.60000000,100.13920000,1627000763965,False,True
7471841,17.88300000,18.10000000,323.68230000,1627000825781,False,True
7471842,17.88300000,5.60000000,100.14480000,1627000827365,False,True
7471843,17.88300000,5.60000000,100.14480000,1627000827432,False,True
7471844,17.88300000,5.60000000,100.14480000,1627000828321,False,True
7471845,17.88300000,5.60000000,100.14480000,1627000828388,False,True
7471846,17.88300000,5.60000000,100.14480000,1627000829270,False,True
7471847,17.88300000,5.60000000,100.14480000,1627000829278,False,True
7471848,17.88300000,2.70000000,48.28410000,1627000829346,False,True
7471849,17.88300000,5.60000000,100.14480000,1627000830250,False,True
7471850,17.88300000,3.60000000,64.37880000,1627000830989,False,True
7471851,17.88300000,5.60000000,100.14480000,1627000831239,False,True
7471852,17.88300000,5.60000000,100.14480000,1627000832736,False,True
7471853,17.88300000,5.60000000,100.14480000,1627000837150,False,True
7471854,17.88300000,5.60000000,100.14480000,1627000838083,False,True
7471855,17.88300000,3.80000000,67.95540000,1627000838843,False,True
7471856,17.88300000,3.30000000,59.01390000,1627000839048,False,True
7471857,17.88300000,5.60000000,100.14480000,1627000840330,False,True
7471858,17.88300000,7.46400000,133.47871200,1627000840688,False,True
7471859,17.90100000,2.60000000,46.54260000,1627000845487,False,True
7471860,17.90100000,2.40000000,42.96240000,1627000846278,False,True
7471861,17.90200000,70.00000000,1253.14000000,1627000850738,False,True
7471862,17.89900000,4.01500000,71.86448500,1627000899739,False,True
7471863,17.90300000,2.79400000,50.02098200,1627000901080,False,True
7471864,17.88700000,7.04100000,125.94236700,1627000970970,True,True
7471865,17.91700000,2.40000000,43.00080000,1627001022804,False,True
7471866,17.92800000,5.60000000,100.39680000,1627001026276,False,True
7471867,17.93800000,1.80000000,32.28840000,1627001108281,False,True
7471868,17.93800000,4.20000000,75.33960000,1627001108869,False,True
7471869,17.93800000,1.80000000,32.28840000,1627001109719,False,True
7471870,17.93800000,1.80000000,32.28840000,1627001109804,False,True
7471871,17.95100000,4.20000000,75.39420000,1627001124962,False,True
7471872,17.95500000,5.08500000,91.30117500,1627001177584,False,True
7471873,17.96600000,6.80900000,122.33049400,1627001177584,False,True
7471874,17.96900000,3.04800000,54.76951200,1627001178345,False,True
7471875,17.95500000,9.30000000,166.98150000,1627001191306,True,True
7471876,17.95300000,2.35100000,42.20750300,1627001191306,True,True
7471877,17.95300000,5.60000000,100.53680000,1627001255218,False,True
7471878,17.95300000,0.40900000,7.34277700,1627001351275,False,True
7471879,17.95800000,0.89100000,16.00057800,1627001351275,False,True
7471880,17.93500000,9.30000000,166.79550000,1627001367036,True,True
7471881,17.93300000,28.45200000,510.22971600,1627001367036,True,True
7471882,17.93300000,72.47800000,1299.74797400,1627001385596,True,True
7471883,17.93900000,1.80000000,32.29020000,1627001404515,False,True
7471884,17.93900000,5.60000000,100.45840000,1627001458546,False,True
7471885,17.93900000,14.66300000,263.03955700,1627001458554,False,True
7471886,17.96400000,1.53900000,27.64659600,1627001496396,True,True
7471887,17.98700000,5.60000000,100.72720000,1627001502521,False,True
7471888,17.99000000,2.60000000,46.77400000,1627001564496,False,True
7471889,17.96100000,3.28700000,59.03780700,1627001565778,True,True
7471890,17.98300000,0.61100000,10.98761300,1627001571955,False,True
7471891,17.98900000,5.60000000,100.73840000,1627001592934,False,True
7471892,17.99300000,5.60000000,100.76080000,1627001636264,False,True
7471893,18.00000000,1.30000000,23.40000000,1627001667630,False,True
7471894,17.98600000,0.71600000,12.87797600,1627001668408,True,True
7471895,17.99800000,3.40000000,61.19320000,1627001677532,False,True
7471896,17.98900000,1.00400000,18.06095600,1627001686919,True,True
7471897,18.00000000,1.79900000,32.38200000,1627001733578,False,True
7471898,17.99600000,18.69200000,336.38123200,1627001736650,True,True
7471899,17.99400000,5.60000000,100.76640000,1627001838198,False,True
7471900,17.99400000,5.60000000,100.76640000,1627001840285,False,True
7471901,17.99400000,5.60000000,100.76640000,1627001842394,False,True
7471902,17.98900000,7.64400000,137.50791600,1627001869847,False,True
7471903,17.98300000,5.60000000,100.70480000,1627001903847,False,True
7471904,17.98200000,5.60000000,100.69920000,1627001989108,False,True
7471905,18.00500000,5.60000000,100.82800000,1627002090909,False,True
7471906,18.00900000,8.45900000,152.33813100,1627002098876,False,True
7471907,18.01100000,5.50000000,99.06050000,1627002105158,False,True
7471908,18.01900000,3.10000000,55.85890000,1627002118516,False,True
7471909,18.01900000,2.30000000,41.44370000,1627002119580,False,True
7471910,18.00900000,0.80900000,14.56928100,1627002120656,True,True
7471911,18.02900000,18.12700000,326.81168300,1627002128411,False,True
7471912,18.02900000,2.30000000,41.46670000,1627002137986,False,True
7471913,18.02900000,5.50000000,99.15950000,1627002138780,False,True
7471914,18.02900000,5.50000000,99.15950000,1627002140769,False,True
7471915,18.02900000,5.50000000,99.15950000,1627002142585,False,True
7471916,18.02900000,12.70700000,229.09450300,1627002145047,False,True
7471917,18.02900000,5.50000000,99.15950000,1627002145064,False,True
7471918,18.02900000,5.50000000,99.15950000,1627002146175,False,True
7471919,18.02900000,5.50000000,99.15950000,1627002147240,False,True
7471920,18.02900000,15.89100000,286.49883900,1627002152982,False,True
7471921,18.02900000,9.69400000,174.77312600,1627002154025,False,True
7471922,18.02900000,8.43300000,152.03855700,1627002154043,False,True
7471923,18.03000000,1.67600000,30.21828000,1627002154051,False,True
7471924,18.02100000,9.30000000,167.59530000,1627002188823,False,True
7471925,18.02100000,20.23000000,364.56483000,1627002188823,False,True
7471926,17.97400000,9.30000000,167.15820000,1627002223682,True,True
7471927,17.97100000,0.79600000,14.30491600,1627002223682,True,True
7471928,18.01100000,0.56100000,10.10417100,1627002247900,False,True
7471929,18.01500000,0.83300000,15.00649500,1627002280663,False,True
7471930,18.02200000,38.15500000,687.62941000,1627002302364,False,True
7471931,18.02800000,9.30000000,167.66040000,1627002597692,True,True
7471932,18.02700000,1.84300000,33.22376100,1627002597692,True,True
7471933,18.04700000,0.56800000,10.25069600,1627002638585,False,True
7471934,18.05400000,9.30000000,167.90220000,1627002640491,True,True
7471935,18.05400000,4.22900000,76.35036600,1627002640491,True,True
7471936,18.06600000,1.80000000,32.51880000,1627002640901,False,True
7471937,18.06600000,2.34900000,42.43703400,1627002646310,False,True
7471938,18.06300000,78.74200000,1422.31674600,1627002650352,True,True
7471939,18.04200000,2.92400000,52.75480800,1627002651912,True,True
7471940,18.05800000,2.01900000,36.45910200,1627002678508,False,True
7471941,18.06700000,14.10300000,254.79890100,1627002923769,True,True
7471942,18.02400000,2.76000000,49.74624000,1627002953936,False,True
7471943,17.99700000,1.93300000,34.78820100,1627003028133,False,True
7471944,17.97300000,0.56600000,10.17271800,1627003028606,True,True
7471945,17.99000000,1.60000000,28.78400000,1627003075058,False,True
7471946,18.00700000,1.30000000,23.40910000,1627003217111,False,True
7471947,17.99100000,6.75200000,121.47523200,1627003233542,True,True
7471948,17.99700000,9.30000000,167.37210000,1627003250499,False,True
7471949,17.99700000,5.17000000,93.04449000,1627003250499,False,True
7471950,17.99900000,8.19000000,147.41181000,1627003275689,False,True
7471951,18.00700000,35.00000000,630.24500000,1627003311014,False,True
7471952,18.00700000,60.64200000,1091.98049400,1627003311169,False,True
7471953,18.03900000,0.76000000,13.70964000,1627003327445,False,True
7471954,18.03900000,1.12400000,20.27583600,1627003344741,False,True
7471955,18.05100000,5.50000000,99.28050000,1627003395991,False,True
7471956,18.05200000,4.20000000,75.81840000,1627003396952,False,True
7471957,18.05200000,5.50000000,99.28600000,1627003400653,False,True
7471958,18.05800000,1.30000000,23.47540000,1627003435880,False,True
7471959,18.07400000,6.95900000,125.77696600,1627003476170,False,True
7471960,18.07500000,20.68700000,373.91752500,1627003476170,False,True
7471961,18.07500000,2.30000000,41.57250000,1627003477705,False,True
7471962,18.07100000,1.60300000,28.96781300,1627003490636,True,True
7471963,18.09200000,2.76300000,49.98819600,1627003504417,False,True
7471964,18.09900000,4.10000000,74.20590000,1627003516809,False,True
7471965,18.09900000,4.10000000,74.20590000,1627003516876,False,True
7471966,18.09900000,1.10000000,19.90890000,1627003517768,False,True
7471967,18.09900000,0.20000000,3.61980000,1627003517768,False,True
7471968,18.09900000,1.30000000,23.52870000,1627003517847,False,True
7471969,18.10000000,5.50000000,99.55000000,1627003527222,False,True
7471970,18.10000000,3.20000000,57.92000000,1627003527844,False,True
7471971,18.10000000,4.20000000,76.02000000,1627003527846,False,True
7471972,18.10000000,3.20000000,57.92000000,1627003527846,False,True
7471973,18.10000000,4.20000000,76.02000000,1627003527864,False,True
7471974,18.10000000,4.20000000,76.02000000,1627003527872,False,True
7471975,18.10000000,3.20000000,57.92000000,1627003527872,False,True
7471976,18.10000000,3.20000000,57.92000000,1627003527873,False,True
7471977,18.10000000,14.19500000,256.92950000,1627003527876,False,True
7471978,18.10600000,3.79800000,68.76658800,1627003564840,False,True
7471979,18.07100000,2.08900000,37.75031900,1627003582972,True,True
7471980,18.06600000,8.44700000,152.60350200,1627003612022,True,True
7471981,18.06500000,5.00000000,90.32500000,1627003643299,True,True
7471982,18.06300000,6.43400000,116.21734200,1627003643299,True,True
7471983,18.06300000,0.77500000,13.99882500,1627003643309,True,True
7471984,18.04700000,1.39900000,25.24775300,1627003644097,True,True
7471985,18.04100000,1.03800000,18.72655800,1627003699832,True,True
7471986,18.06900000,83.50600000,1508.86991400,1627003842614,False,True
7471987,18.06900000,5.00000000,90.34500000,1627003842618,False,True
7471988,18.06900000,14.59500000,263.71705500,1627003842749,False,True
7471989,18.06900000,12.64900000,228.55478100,1627003842752,False,True
7471990,18.06900000,25.40500000,459.04294500,1627003842753,False,True
7471991,18.10200000,2.76300000,50.01582600,1627003846678,False,True
7471992,18.09700000,14.42300000,261.01303100,1627003865003,True,True
7471993,18.09100000,35.70000000,645.84870000,1627003865003,True,True
7471994,18.09000000,9.30000000,168.23700000,1627003865003,True,True
7471995,18.08800000,16.17200000,292.51913600,1627003865003,True,True
7471996,18.08500000,0.04700000,0.84999500,1627003865003,True,True
7471997,18.11000000,6.70000000,121.33700000,1627003873258,False,True
7471998,18.11000000,6.70000000,121.33700000,1627003873258,False,True
7471999,18.11000000,3.43200000,62.15352000,1627003873261,False,True
7472000,18.09900000,0.62200000,11.25757800,1627003878591,True,True
7472001,18.11900000,1.70000000,30.80230000,1627003888156,False,True
7472002,18.11900000,1.09100000,19.76782900,1627003888861,False,True
7472003,18.12100000,0.20900000,3.78728900,1627003888861,False,True
7472004,18.12100000,0.66300000,12.01422300,1627003925160,False,True
7472005,18.12100000,0.86000000,15.58406000,1627003927296,False,True
7472006,18.12500000,9.30000000,168.56250000,1627003927296,False,True
7472007,18.12500000,13.60500000,246.59062500,1627003927296,False,True
7472008,18.12600000,17.20700000,311.89408200,1627003927296,False,True
7472009,18.12700000,0.68900000,12.48950300,1627003927296,False,True
7472010,18.13000000,14.02400000,254.25512000,1627003927296,False,True
7472011,18.13500000,14.59400000,264.66219000,1627003927296,False,True
7472012,18.13600000,0.73700000,13.36623200,1627003927296,False,True
7472013,18.13800000,0.56000000,10.15728000,1627003927296,False,True
7472014,18.13800000,10.32400000,187.25671200,1627003927296,False,True
7472015,18.13900000,1.37800000,24.99554200,1627003928658,False,True
7472016,18.14100000,2.72200000,49.37980200,1627003928658,False,True
7472017,18.14100000,4.56100000,82.74110100,1627003928692,False,True
7472018,18.16000000,2.01500000,36.59240000,1627003928692,False,True
7472019,18.16000000,2.41400000,43.83824000,1627003928692,False,True
7472020,18.14900000,14.85100000,269.53079900,1627003939723,False,True
7472021,18.15100000,7.52600000,136.60442600,1627003939723,False,True
7472022,18.11900000,9.30000000,168.50670000,1627003981738,True,True
7472023,18.11300000,11.70000000,211.92210000,1627003981738,True,True
7472024,18.13100000,8.27300000,149.99776300,1627004133025,False,True
7472025,18.13000000,9.30000000,168.60900000,1627004136523,True,True
7472026,18.12800000,11.70000000,212.09760000,1627004136523,True,True
7472027,18.16100000,2.76300000,50.17884300,1627004154913,False,True
7472028,18.16900000,5.12800000,93.17063200,1627004154913,False,True
7472029,18.17000000,3.53600000,64.24912000,1627004154913,False,True
7472030,18.17100000,1.55300000,28.21956300,1627004158966,True,True
7472031,18.15500000,0.83200000,15.10496000,1627004161059,True,True
7472032,18.15700000,14.30900000,259.80851300,1627004181570,False,True
7472033,18.15100000,6.00000000,108.90600000,1627004184383,True,True
7472034,18.19000000,1.00000000,18.19000000,1627004217525,False,True
7472035,18.19300000,7.07600000,128.73366800,1627004217525,False,True
7472036,18.20400000,3.82400000,69.61209600,1627004217525,False,True
7472037,18.19100000,1.63600000,29.76047600,1627004220614,True,True
7472038,18.21200000,31.00000000,564.57200000,1627004222586,False,True
7472039,18.21700000,34.36500000,626.02720500,1627004222599,False,True
7472040,18.21200000,31.00000000,564.57200000,1627004222656,False,True
7472041,18.22100000,0.56300000,10.25842300,1627004222957,False,True
7472042,18.23800000,55.11000000,1005.09618000,1627004222975,False,True
7472043,18.23800000,14.89000000,271.56382000,1627004222975,False,True
7472044,18.23800000,20.00000000,364.76000000,1627004222979,False,True
7472045,18.23800000,62.57900000,1141.31580200,1627004222986,False,True
7472046,18.23800000,85.07500000,1551.59785000,1627004222988,False,True
7472047,18.23800000,7.38500000,134.68763000,1627004222988,False,True
7472048,18.23800000,82.97600000,1513.31628800,1627004222988,False,True
7472049,18.23800000,48.69300000,888.06293400,1627004222995,False,True
7472050,18.23900000,39.30000000,716.79270000,1627004223003,False,True
7472051,18.24300000,4.10900000,74.96048700,1627004223041,False,True
7472052,18.24100000,9.30000000,169.64130000,1627004223623,True,True
7472053,18.24100000,9.30000000,169.64130000,1627004223645,True,True
7472054,18.24100000,9.30000000,169.64130000,1627004223667,True,True
7472055,18.23400000,8.29000000,151.15986000,1627004223928,True,True
7472056,18.24500000,0.55700000,10.16246500,1627004224377,False,True
7472057,18.24500000,8.22100000,149.99214500,1627004224377,False,True
7472058,18.25000000,0.22000000,4.01500000,1627004224377,False,True
7472059,18.19400000,1.11500000,20.28631000,1627004226061,True,True
7472060,18.20000000,21.00000000,382.20000000,1627004227197,True,True
7472061,18.19900000,16.00900000,291.34779100,1627004227197,True,True
7472062,18.19900000,14.00000000,254.78600000,1627004227197,True,True
7472063,18.19900000,0.96800000,17.61663200,1627004227197,True,True
7472064,18.19900000,30.94900000,563.24085100,1627004227197,True,True
7472065,18.19900000,15.76900000,286.98003100,1627004227231,True,True
7472066,18.19800000,1.46700000,26.69646600,1627004227231,True,True
7472067,18.19700000,28.00600000,509.62518200,1627004227276,True,True
7472068,18.19500000,2.59700000,47.25241500,1627004227276,True,True
7472069,18.19400000,1.25600000,22.85166400,1627004227276,True,True
7472070,18.19800000,21.00000000,382.15800000,1627004227447,True,True
7472071,18.18700000,8.24700000,149.98818900,1627004227447,True,True
7472072,18.18200000,12.00000000,218.18400000,1627004227447,True,True
7472073,18.17900000,22.55300000,409.99098700,1627004227447,True,True
7472074,18.19800000,19.40000000,353.04120000,1627004227494,True,True
7472075,18.19800000,1.60000000,29.11680000,1627004227519,True,True
7472076,18.17900000,3.50200000,63.66285800,1627004227577,True,True
7472077,18.18100000,36.06300000,655.66140300,1627004227579,False,True
7472078,18.17400000,38.41500000,698.15421000,1627004227680,True,True
7472079,18.17400000,127.99300000,2326.14478200,1627004227683,True,True
7472080,18.16800000,7.08600000,128.73844800,1627004227748,True,True
7472081,18.15700000,35.08100000,636.96571700,1627004228041,False,True
7472082,18.13700000,7.47500000,135.57407500,1627004228404,True,True
7472083,18.16700000,14.35100000,260.71461700,1627004228821,False,True
7472084,18.16900000,31.00000000,563.23900000,1627004228821,False,True
7472085,18.17100000,35.70000000,648.70470000,1627004228821,False,True
7472086,18.17200000,37.75200000,686.02934400,1627004228821,False,True
7472087,18.19400000,44.01800000,800.86349200,1627004228828,True,True
7472088,18.13200000,0.61000000,11.06052000,1627004230066,True,True
7472089,18.14200000,1.68600000,30.58741200,1627004231145,True,True
7472090,18.14200000,4.43400000,80.44162800,1627004231816,True,True
7472091,18.18800000,1.30000000,23.64440000,1627004237659,False,True
7472092,18.17000000,1.46500000,26.61905000,1627004244501,True,True
7472093,18.16900000,5.44800000,98.98471200,1627004244509,True,True
7472094,18.16600000,8.25700000,149.99666200,1627004244687,True,True
7472095,18.17800000,0.70000000,12.72460000,1627004246607,False,True
7472096,18.16900000,3.37200000,61.26586800,1627004247292,False,True
7472097,18.17600000,7.50000000,136.32000000,1627004247296,False,True
7472098,18.20200000,5.50000000,100.11100000,1627004272412,False,True
7472099,18.21800000,73.30500000,1335.47049000,1627004276752,False,True
7472100,18.22100000,4.80000000,87.46080000,1627004282936,False,True
7472101,18.22400000,7.61500000,138.77576000,1627004283472,False,True
7472102,18.23400000,3.28500000,59.89869000,1627004283472,False,True
7472103,18.23100000,15.28900000,278.73375900,1627004290090,True,True
7472104,18.23100000,20.21100000,368.46674100,1627004290093,True,True
7472105,18.23100000,0.91100000,16.60844100,1627004293459,False,True
7472106,18.20700000,20.35400000,370.58527800,1627004295487,True,True
7472107,18.21000000,2.74400000,49.96824000,1627004301350,True,True
7472108,18.20400000,9.30000000,169.29720000,1627004307164,False,True
7472109,18.20500000,15.07200000,274.38576000,1627004307164,False,True
7472110,18.20900000,27.48700000,500.51078300,1627004307164,False,True
7472111,18.21000000,14.64300000,266.64903000,1627004307164,False,True
7472112,18.21400000,3.37100000,61.39939400,1627004307164,False,True
7472113,18.21500000,16.59000000,302.18685000,1627004307164,False,True
7472114,18.22100000,26.52300000,483.27558300,1627004307164,False,True
7472115,18.22100000,4.47700000,81.57541700,1627004307171,False,True
7472116,18.22100000,2.92300000,53.25998300,1627004307171,False,True
7472117,18.22100000,14.90000000,271.49290000,1627004307174,False,True
7472118,18.22100000,14.90000000,271.49290000,1627004307177,False,True
7472119,18.21800000,9.30000000,169.42740000,1627004307185,False,True
7472120,18.23700000,18.79900000,342.83736300,1627004307185,False,True
7472121,18.22000000,25.96000000,472.99120000,1627004307231,False,True
7472122,18.22400000,2.59300000,47.25483200,1627004310270,True,True
7472123,18.22100000,0.55500000,10.11265500,1627004318982,True,True
7472124,18.20400000,9.30000000,169.29720000,1627004318982,True,True
7472125,18.20100000,11.14500000,202.85014500,1627004318982,True,True
7472126,18.21700000,9.30000000,169.41810000,1627004338488,True,True
7472127,18.22700000,2.59300000,47.26261100,1627004343376,False,True
7472128,18.23800000,13.81000000,251.86678000,1627004343376,False,True
7472129,18.23800000,23.80100000,434.08263800,1627004343376,False,True
7472130,18.24100000,28.21100000,514.59685100,1627004343376,False,True
7472131,18.24200000,31.00000000,565.50200000,1627004343376,False,True
7472132,18.24600000,8.28400000,151.14986400,1627004343376,False,True
7472133,18.24200000,4.07400000,74.31790800,1627004343452,False,True
7472134,18.25000000,2.55300000,46.59225000,1627004356140,False,True
7472135,18.25300000,1.66200000,30.33648600,1627004357127,False,True
7472136,18.23500000,0.97500000,17.77912500,1627004363354,True,True
7472137,18.25600000,2.30000000,41.98880000,1627004369543,False,True
7472138,18.25600000,5.50000000,100.40800000,1627004398350,False,True
7472139,18.25600000,3.80000000,69.37280000,1627004398536,False,True
7472140,18.25700000,2.38200000,43.48817400,1627004404948,False,True
7472141,18.26000000,43.00000000,785.18000000,1627004405821,False,True
7472142,18.26000000,9.30000000,169.81800000,1627004405821,False,True
7472143,18.26800000,22.47800000,410.62810400,1627004430155,False,True
7472144,18.27300000,2.42300000,44.27547900,1627004431087,False,True
7472145,18.24700000,0.66200000,12.07951400,1627004433705,True,True
7472146,18.24400000,0.63700000,11.62142800,1627004434791,True,True
7472147,18.24400000,8.66300000,158.04777200,1627004435560,True,True
7472148,18.24300000,12.33700000,225.06389100,1627004435560,True,True
7472149,18.26700000,5.50000000,100.46850000,1627004437566,False,True
7472150,18.26700000,0.55300000,10.10165100,1627004440073,False,True
7472151,18.28200000,5.50000000,100.55100000,1627004455922,False,True
7472152,18.28300000,5.50000000,100.55650000,1627004459486,False,True
7472153,18.28300000,5.50000000,100.55650000,1627004460509,False,True
7472154,18.27400000,1.09400000,19.99175600,1627004464865,False,True
7472155,18.27400000,3.90600000,71.37824400,1627004467111,False,True
7472156,18.28300000,88.35000000,1615.30305000,1627004469076,False,True
7472157,18.28500000,5.60500000,102.48742500,1627004469170,False,True
7472158,18.28800000,9.30000000,170.07840000,1627004472632,True,True
7472159,18.28800000,4.16900000,76.24267200,1627004472632,True,True
7472160,18.27900000,9.30000000,169.99470000,1627004474745,True,True
7472161,18.27400000,1.78900000,32.69218600,1627004474745,True,True
7472162,18.26900000,2.21800000,40.52064200,1627004475508,True,True
7472163,18.26900000,1.10700000,20.22378300,1627004475511,True,True
7472164,18.29800000,2.37400000,43.43945200,1627004475826,False,True
7472165,18.29700000,9.30000000,170.16210000,1627004482993,False,True
7472166,18.30300000,1.10000000,20.13330000,1627004483336,False,True
7472167,18.30600000,4.36500000,79.90569000,1627004483336,False,True
7472168,18.30600000,9.30000000,170.24580000,1627004483336,False,True
7472169,18.31100000,1.23500000,22.61408500,1627004483336,False,True
7472170,18.31100000,8.28600000,151.72494600,1627004483337,False,True
7472171,18.31500000,1.10500000,20.23807500,1627004483337,False,True
7472172,18.31800000,6.60900000,121.06366200,1627004483337,False,True
7472173,18.31800000,2.19500000,40.20801000,1627004483339,False,True
7472174,18.32000000,0.55600000,10.18592000,1627004483339,False,True
7472175,18.33000000,13.24900000,242.85417000,1627004483339,False,True
7472176,18.33000000,11.00000000,201.63000000,1627004483341,False,True
7472177,18.33000000,6.75100000,123.74583000,1627004483342,False,True
7472178,18.33400000,8.75900000,160.58750600,1627004483342,False,True
7472179,18.33400000,0.49000000,8.98366000,1627004483342,False,True
7472180,18.33400000,8.29000000,151.98886000,1627004483345,False,True
7472181,18.33800000,2.71000000,49.69598000,1627004483345,False,True
7472182,18.29500000,9.30000000,170.14350000,1627004487092,True,True
7472183,18.29200000,2.57700000,47.13848400,1627004487092,True,True
7472184,18.29100000,13.97500000,255.61672500,1627004487092,True,True
7472185,18.28800000,2.81100000,51.40756800,1627004487092,True,True
7472186,18.28800000,2.81100000,51.40756800,1627004487092,True,True
7472187,18.28800000,2.81100000,51.40756800,1627004487092,True,True
7472188,18.28800000,2.81100000,51.40756800,1627004487092,True,True
7472189,18.28800000,2.81100000,51.40756800,1627004487092,True,True
7472190,18.28800000,2.81100000,51.40756800,1627004487092,True,True
7472191,18.28800000,2.81100000,51.40756800,1627004487092,True,True
7472192,18.28800000,2.81100000,51.40756800,1627004487092,True,True
7472193,18.28800000,2.81100000,51.40756800,1627004487092,True,True
7472194,18.28800000,1.99800000,36.53942400,1627004487092,True,True
7472195,18.28700000,9.90800000,181.18759600,1627004487092,True,True
7472196,18.28400000,0.65900000,12.04915600,1627004489810,True,True
7472197,18.29300000,5.00000000,91.46500000,1627004492973,True,True
7472198,18.30600000,4.10000000,75.05460000,1627004494402,False,True
7472199,18.29600000,1.60000000,29.27360000,1627004505490,True,True
7472200,18.29500000,9.30000000,170.14350000,1627004510413,True,True
7472201,18.29500000,4.70000000,85.98650000,1627004510413,True,True
7472202,18.31700000,1.30000000,23.81210000,1627004525055,False,True
7472203,18.31700000,1.27700000,23.39080900,1627004527359,False,True
7472204,18.31700000,0.08800000,1.61189600,1627004527506,True,True
7472205,18.31800000,0.66200000,12.12651600,1627004530783,False,True
7472206,18.31800000,0.43000000,7.87674000,1627004530791,True,True
7472207,18.28700000,18.30600000,334.76182200,1627004532703,False,True
7472208,18.28100000,1.62100000,29.63350100,1627004534629,True,True
7472209,18.32500000,37.75200000,691.80540000,1627004539628,False,True
7472210,18.32500000,2.70000000,49.47750000,1627004540518,False,True
7472211,18.32500000,2.70000000,49.47750000,1627004540518,False,True
7472212,18.32500000,2.70000000,49.47750000,1627004540519,False,True
7472213,18.32500000,2.70000000,49.47750000,1627004540519,False,True
7472214,18.32500000,2.70000000,49.47750000,1627004540520,False,True
7472215,18.32500000,2.70000000,49.47750000,1627004540521,False,True
7472216,18.32500000,2.70000000,49.47750000,1627004540554,False,True
7472217,18.32500000,2.70000000,49.47750000,1627004540555,False,True
7472218,18.32500000,2.70000000,49.47750000,1627004540555,False,True
7472219,18.32500000,1.70000000,31.15250000,1627004540556,False,True
7472220,18.32500000,2.70000000,49.47750000,1627004540556,False,True
7472221,18.32500000,2.70000000,49.47750000,1627004540557,False,True
7472222,18.32500000,2.70000000,49.47750000,1627004540596,False,True
7472223,18.32500000,2.70000000,49.47750000,1627004540599,False,True
7472224,18.32500000,2.70000000,49.47750000,1627004540600,False,True
7472225,18.32500000,2.70000000,49.47750000,1627004540600,False,True
7472226,18.32500000,2.70000000,49.47750000,1627004540600,False,True
7472227,18.32500000,2.70000000,49.47750000,1627004540601,False,True
7472228,18.32500000,2.70000000,49.47750000,1627004540601,False,True
7472229,18.32500000,2.70000000,49.47750000,1627004540602,False,True
7472230,18.32500000,2.70000000,49.47750000,1627004540603,False,True
7472231,18.32500000,2.70000000,49.47750000,1627004540634,False,True
7472232,18.32500000,2.70000000,49.47750000,1627004540635,False,True
7472233,18.32500000,2.40000000,43.98000000,1627004540635,False,True
7472234,18.32500000,2.70000000,49.47750000,1627004540635,False,True
7472235,18.32500000,2.70000000,49.47750000,1627004540635,False,True
7472236,18.32500000,2.70000000,49.47750000,1627004540635,False,True
7472237,18.32500000,2.70000000,49.47750000,1627004540635,False,True
7472238,18.32500000,2.70000000,49.47750000,1627004540635,False,True
7472239,18.32500000,2.55300000,46.78372500,1627004540635,False,True
7472240,18.31300000,1.89900000,34.77638700,1627004543913,True,True
7472241,18.31400000,8.95200000,163.94692800,1627004547884,True,True
7472242,18.34400000,3.20000000,58.70080000,1627004560378,False,True
7472243,18.34400000,3.20000000,58.70080000,1627004560378,False,True
7472244,18.34400000,3.20000000,58.70080000,1627004560398,False,True
7472245,18.34400000,3.20000000,58.70080000,1627004560400,False,True
7472246,18.34400000,3.20000000,58.70080000,1627004560408,False,True
7472247,18.34400000,3.20000000,58.70080000,1627004560409,False,True
7472248,18.34400000,10.80000000,198.11520000,1627004560409,False,True
7472249,18.33700000,2.20600000,40.45142200,1627004581254,True,True
7472250,18.33700000,11.79400000,216.26657800,1627004581254,True,True
7472251,18.35200000,2.20600000,40.48451200,1627004595298,False,True
7472252,18.35300000,2.69400000,49.44298200,1627004595298,False,True
7472253,18.36000000,1.64400000,30.18384000,1627004600842,False,True
7472254,18.33800000,7.00000000,128.36600000,1627004601858,True,True
7472255,18.35600000,3.10000000,56.90360000,1627004602331,False,True
7472256,18.35600000,0.59800000,10.97688800,1627004602554,False,True
7472257,18.35400000,0.70800000,12.99463200,1627004605593,False,True
7472258,18.32900000,32.91800000,603.35402200,1627004613456,True,True
7472259,18.32900000,5.00000000,91.64500000,1627004613529,True,True
7472260,18.32900000,25.00000000,458.22500000,1627004613530,True,True
7472261,18.32900000,15.00000000,274.93500000,1627004613530,True,True
7472262,18.32900000,77.43800000,1419.36110200,1627004613531,True,True
7472263,18.30500000,9.30000000,170.23650000,1627004613560,True,True
7472264,18.30100000,5.60000000,102.48560000,1627004613560,True,True
7472265,18.30100000,14.90000000,272.68490000,1627004613562,True,True
7472266,18.28900000,0.83700000,15.30789300,1627004614350,True,True
7472267,18.28900000,10.56700000,193.25986300,1627004614350,True,True
7472268,18.28900000,15.26100000,279.10842900,1627004614369,True,True
7472269,18.28500000,6.36300000,116.34745500,1627004614369,True,True
7472270,18.28000000,7.23500000,132.25580000,1627004614565,True,True
7472271,18.28200000,0.54800000,10.01853600,1627004618610,True,True
7472272,18.30600000,9.30000000,170.24580000,1627004648894,False,True
7472273,18.32800000,7.22500000,132.41980000,1627004650739,False,True
7472274,18.31500000,7.72400000,141.46506000,1627004684951,True,True
7472275,18.33600000,2.00000000,36.67200000,1627004689731,False,True
7472276,18.34700000,4.10000000,75.22270000,1627004705846,False,True
7472277,18.33100000,9.30000000,170.47830000,1627004713365,True,True
7472278,18.33000000,11.70000000,214.46100000,1627004713365,True,True
7472279,18.35400000,108.89900000,1998.73224600,1627004715478,False,True
7472280,18.35400000,32.34500000,593.66013000,1627004716204,False,True
7472281,18.35400000,0.00100000,0.01835400,1627004716226,False,True
7472282,18.36400000,4.08300000,74.98021200,1627004716637,False,True
7472283,18.35400000,2.72500000,50.01465000,1627004721693,True,True
7472284,18.33500000,152.00000000,2786.92000000,1627004723567,True,True
7472285,18.33500000,14.89400000,273.08149000,1627004723574,True,True
7472286,18.30000000,7.78500000,142.46550000,1627004724157,True,True
7472287,18.29500000,0.72000000,13.17240000,1627004726404,True,True
7472288,18.31400000,0.65500000,11.99567000,1627004728271,False,True
7472289,18.32000000,1.30000000,23.81600000,1627004747282,False,True
7472290,18.33500000,9.30000000,170.51550000,1627004777954,False,True
7472291,18.33900000,4.70000000,86.19330000,1627004777954,False,True
7472292,18.33900000,10.14900000,186.12251100,1627004777955,False,True
7472293,18.34600000,2.81000000,51.55226000,1627004777955,False,True
7472294,18.34600000,1.04100000,19.09818600,1627004777955,False,True
7472295,18.34600000,1.76900000,32.45407400,1627004777958,False,True
7472296,18.34600000,2.81000000,51.55226000,1627004777958,False,True
7472297,18.34600000,1.42100000,26.06966600,1627004777958,False,True
7472298,18.34600000,1.38900000,25.48259400,1627004777962,False,True
7472299,18.34600000,2.81000000,51.55226000,1627004777962,False,True
7472300,18.34600000,2.81000000,51.55226000,1627004777962,False,True
7472301,18.34600000,2.81000000,51.55226000,1627004777962,False,True
7472302,18.34600000,1.18100000,21.66662600,1627004777962,False,True
7472303,18.34600000,1.62900000,29.88563400,1627004777965,False,True
7472304,18.34600000,2.81000000,51.55226000,1627004777965,False,True
7472305,18.34600000,1.99800000,36.65530800,1627004777965,False,True
7472306,18.34800000,9.30000000,170.63640000,1627004777976,False,True
7472307,18.35200000,7.94000000,145.71488000,1627004777976,False,True
7472308,18.35200000,23.06000000,423.19712000,1627004777980,False,True
7472309,18.36400000,7.77400000,142.76173600,1627004779444,False,True
7472310,18.33300000,1.89700000,34.77770100,1627004784045,True,True
7472311,18.33400000,0.75700000,13.87883800,1627004793718,True,True
7472312,18.35800000,1.60000000,29.37280000,1627004806216,False,True
7472313,18.34100000,0.58900000,10.80284900,1627004836649,True,True
7472314,18.36200000,9.42700000,173.09857400,1627004838442,False,True
7472315,18.36500000,56.81900000,1043.48093500,1627004838607,False,True
7472316,18.36500000,53.02300000,973.76739500,1627004838626,False,True
7472317,18.35200000,14.00000000,256.92800000,1627004843718,True,True
7472318,18.34900000,1.89300000,34.73465700,1627004844043,True,True
7472319,18.33500000,10.00000000,183.35000000,1627004881013,True,True
7472320,18.33500000,0.58400000,10.70764000,1627004881013,True,True
7472321,18.33500000,56.83200000,1042.01472000,1627004894323,True,True
7472322,18.33500000,94.46200000,1731.96077000,1627004894330,True,True
7472323,18.32300000,6.00000000,109.93800000,1627004895599,True,True
7472324,18.32300000,6.00000000,109.93800000,1627004895602,True,True
7472325,18.32300000,6.00000000,109.93800000,1627004895603,True,True
7472326,18.32300000,6.00000000,109.93800000,1627004895603,True,True
7472327,18.30200000,6.00000000,109.81200000,1627004906092,True,True
7472328,18.30200000,3.30000000,60.39660000,1627004906096,True,True
7472329,18.30100000,7.70000000,140.91770000,1627004906096,True,True
7472330,18.30100000,11.00000000,201.31100000,1627004906096,True,True
7472331,18.29900000,6.00000000,109.79400000,1627004909868,True,True
7472332,18.29900000,13.00000000,237.88700000,1627004909871,True,True
7472333,18.29900000,8.65700000,158.41444300,1627004910508,True,True
7472334,18.29500000,5.34300000,97.75018500,1627004910508,True,True
7472335,18.29400000,14.00000000,256.11600000,1627004910579,True,True
7472336,18.29300000,11.00000000,201.22300000,1627004914165,True,True
7472337,18.29100000,1.50000000,27.43650000,1627004914966,True,True
7472338,18.29100000,2.88500000,52.76953500,1627004931242,True,True
7472339,18.28700000,10.51500000,192.28780500,1627004931242,True,True
7472340,18.28700000,6.00000000,109.72200000,1627004931583,True,True
7472341,18.28300000,6.00000000,109.69800000,1627004936839,True,True
7472342,18.28300000,3.30000000,60.33390000,1627004936841,True,True
7472343,18.28100000,12.70000000,232.16870000,1627004936841,True,True
7472344,18.28100000,2.81400000,51.44273400,1627004937067,True,True
7472345,18.28100000,2.81400000,51.44273400,1627004937067,True,True
7472346,18.28100000,2.81400000,51.44273400,1627004937067,True,True
7472347,18.28100000,2.55800000,46.76279800,1627004937067,True,True
7472348,18.28100000,0.25600000,4.67993600,1627004961978,True,True
7472349,18.28100000,2.81400000,51.44273400,1627004961978,True,True
7472350,18.28100000,2.81400000,51.44273400,1627004961978,True,True
7472351,18.28100000,1.11600000,20.40159600,1627004961978,True,True
7472352,18.28100000,1.69800000,31.04113800,1627004961981,True,True
7472353,18.28100000,2.81400000,51.44273400,1627004961981,True,True
7472354,18.28100000,1.48800000,27.20212800,1627004961981,True,True
7472355,18.28100000,1.32600000,24.24060600,1627004961981,True,True
7472356,18.28100000,2.00300000,36.61684300,1627004961981,True,True
7472357,18.28000000,2.67100000,48.82588000,1627004961981,True,True
7472358,18.28000000,7.00000000,127.96000000,1627004961984,True,True
7472359,18.28000000,6.00000000,109.68000000,1627004961985,True,True
7472360,18.28000000,11.00000000,201.08000000,1627004961992,True,True
7472361,18.28000000,11.00000000,201.08000000,1627004962144,True,True
7472362,18.28000000,3.12300000,57.08844000,1627004962244,True,True
7472363,18.29000000,1.50000000,27.43500000,1627004966872,False,True
7472364,18.29800000,16.19000000,296.24462000,1627004985256,False,True
7472365,18.30500000,7.50000000,137.28750000,1627004985271,False,True
7472366,18.30500000,81.96100000,1500.29610500,1627004985303,False,True
7472367,18.30500000,37.75200000,691.05036000,1627004985388,False,True
7472368,18.30500000,12.47700000,228.39148500,1627004985626,False,True
7472369,18.30800000,0.62300000,11.40588400,1627004985626,False,True
7472370,18.30800000,3.10000000,56.75480000,1627004989842,False,True
7472371,18.32200000,9.30000000,170.39460000,1627004991652,False,True
7472372,18.32300000,2.13000000,39.02799000,1627004991652,False,True
7472373,18.32300000,0.68400000,12.53293200,1627005002363,False,True
7472374,18.32300000,2.81400000,51.56092200,1627005002363,False,True
7472375,18.32300000,2.00200000,36.68264600,1627005002363,False,True
7472376,18.31800000,2.88100000,52.77415800,1627005003694,True,True
7472377,18.32400000,17.99000000,329.64876000,1627005014962,False,True
7472378,18.32400000,16.36000000,299.78064000,1627005015470,False,True
7472379,18.32400000,2.60000000,47.64240000,1627005015805,False,True
7472380,18.32400000,2.60000000,47.64240000,1627005015806,False,True
7472381,18.32400000,2.60000000,47.64240000,1627005015807,False,True
7472382,18.32400000,2.60000000,47.64240000,1627005015807,False,True
7472383,18.32400000,0.04600000,0.84290400,1627005015807,False,True
7472384,18.33500000,54.82200000,1005.16137000,1627005018747,True,True
7472385,18.34800000,13.60800000,249.67958400,1627005028007,False,True
7472386,18.34800000,2.80900000,51.53953200,1627005028007,False,True
7472387,18.34800000,2.80900000,51.53953200,1627005028007,False,True
7472388,18.34800000,2.80900000,51.53953200,1627005028007,False,True
7472389,18.34800000,2.80900000,51.53953200,1627005028007,False,True
7472390,18.34800000,2.80900000,51.53953200,1627005028007,False,True
7472391,18.34800000,2.80900000,51.53953200,1627005028007,False,True
7472392,18.34800000,2.80900000,51.53953200,1627005028007,False,True
7472393,18.34800000,2.80900000,51.53953200,1627005028007,False,True
7472394,18.34800000,1.52000000,27.88896000,1627005028007,False,True
7472395,18.34800000,1.28900000,23.65057200,1627005028043,False,True
7472396,18.34800000,1.99800000,36.65930400,1627005028043,False,True
7472397,18.34900000,53.68100000,984.99266900,1627005028043,False,True
7472398,18.34900000,49.35900000,905.68829100,1627005028077,False,True
7472399,18.36800000,5.74100000,105.45068800,1627005028077,False,True
7472400,18.35700000,1.60000000,29.37120000,1627005028213,True,True
7472401,18.37300000,0.55300000,10.16026900,1627005029838,False,True
7472402,18.38000000,7.90200000,145.23876000,1627005029838,False,True
7472403,18.38000000,1.60000000,29.40800000,1627005034963,True,True
7472404,18.38000000,20.98300000,385.66754000,1627005035015,True,True
7472405,18.38000000,5.00000000,91.90000000,1627005035023,True,True
7472406,18.38000000,4.53600000,83.37168000,1627005035023,True,True
7472407,18.38000000,10.00000000,183.80000000,1627005035026,True,True
7472408,18.38000000,5.46400000,100.42832000,1627005035033,True,True
7472409,18.38000000,5.51900000,101.43922000,1627005035034,True,True
7472410,18.36200000,24.33200000,446.78418400,1627005036685,True,True
7472411,18.36200000,0.69500000,12.76159000,1627005036701,True,True
7472412,18.38200000,0.55000000,10.11010000,1627005041323,False,True
7472413,18.38200000,1.10000000,20.22020000,1627005053940,False,True
7472414,18.37700000,2.10000000,38.59170000,1627005076582,False,True
7472415,18.35800000,2.07200000,38.03777600,1627005077920,True,True
7472416,18.33900000,6.63000000,121.58757000,1627005103235,True,True
7472417,18.33900000,2.67000000,48.96513000,1627005105247,True,True
7472418,18.33900000,4.33000000,79.40787000,1627005105247,True,True
7472419,18.33900000,6.00000000,110.03400000,1627005105249,True,True
7472420,18.36700000,8.58400000,157.66232800,1627005126463,False,True
7472421,18.37200000,2.41600000,44.38675200,1627005126463,False,True
7472422,18.37100000,9.30000000,170.85030000,1627005150831,False,True
7472423,18.37500000,4.70000000,86.36250000,1627005150831,False,True
7472424,18.37500000,12.53300000,230.29387500,1627005150832,False,True
7472425,18.37600000,1.46700000,26.95759200,1627005150832,False,True
7472426,18.37600000,11.00000000,202.13600000,1627005150833,False,True
7472427,18.37600000,2.30200000,42.30155200,1627005150837,False,True
7472428,18.38000000,8.69800000,159.86924000,1627005150837,False,True
7472429,18.38000000,5.77800000,106.19964000,1627005150838,False,True
7472430,18.38200000,5.22200000,95.99080400,1627005150838,False,True
7472431,18.38300000,0.79900000,14.68801700,1627005150847,False,True
7472432,18.38300000,17.24000000,316.92292000,1627005150849,False,True
7472433,18.38300000,51.96100000,955.19906300,1627005150852,False,True
7472434,18.39000000,1.00000000,18.39000000,1627005150857,False,True
7472435,18.39200000,0.55800000,10.26273600,1627005150857,False,True
7472436,18.39500000,2.94200000,54.11809000,1627005150857,False,True
7472437,18.40200000,8.48200000,156.08576400,1627005152488,False,True
7472438,18.40500000,0.50300000,9.25771500,1627005152488,False,True
7472439,18.40800000,2.75500000,50.71404000,1627005154087,False,True
7472440,18.39300000,0.68000000,12.50724000,1627005163091,True,True
7472441,18.40000000,6.86000000,126.22400000,1627005166420,True,True
7472442,18.40000000,93.14000000,1713.77600000,1627005166574,True,True
7472443,18.38800000,0.55700000,10.24211600,1627005190994,True,True
7472444,18.40900000,1.20000000,22.09080000,1627005191120,False,True
7472445,18.40600000,16.36500000,301.21419000,1627005211051,True,True
7472446,18.40200000,4.50000000,82.80900000,1627005217314,True,True
7472447,18.42300000,13.50000000,248.71050000,1627005245287,False,True
7472448,18.42800000,1.37900000,25.41221200,1627005246219,False,True
7472449,18.43000000,0.02100000,0.38703000,1627005246219,False,True
7472450,18.43000000,0.54900000,10.11807000,1627005247973,False,True
7472451,18.41500000,1.72800000,31.82112000,1627005248729,True,True
7472452,18.40900000,9.00000000,165.68100000,1627005258119,True,True
7472453,18.40700000,34.19200000,629.37214400,1627005263469,True,True
7472454,18.42500000,5.40000000,99.49500000,1627005284159,False,True
7472455,18.40500000,0.55200000,10.15956000,1627005287833,True,True
7472456,18.42900000,43.45000000,800.74005000,1627005294517,False,True
7472457,18.43000000,0.54200000,9.98906000,1627005297334,False,True
7472458,18.43000000,1.10600000,20.38358000,1627005297714,False,True
7472459,18.43600000,0.19400000,3.57658400,1627005297714,False,True
7472460,18.43600000,9.00000000,165.92400000,1627005297836,False,True
7472461,18.42200000,10.50200000,193.46784400,1627005302093,True,True
7472462,18.45300000,9.30000000,171.61290000,1627005328897,False,True
7472463,18.45400000,6.70000000,123.64180000,1627005328897,False,True
7472464,18.45400000,14.00000000,258.35600000,1627005328899,False,True
7472465,18.45400000,16.00000000,295.26400000,1627005328900,False,True
7472466,18.45400000,7.17000000,132.31518000,1627005328902,False,True
7472467,18.45400000,11.83000000,218.31082000,1627005328902,False,True
7472468,18.45400000,2.26400000,41.77985600,1627005328902,False,True
7472469,18.45700000,8.73600000,161.24035200,1627005328902,False,True
7472470,18.45700000,19.00000000,350.68300000,1627005328902,False,True
7472471,18.45700000,0.43100000,7.95496700,1627005328904,False,True
7472472,18.45900000,16.42900000,303.26291100,1627005328904,False,True
7472473,18.46100000,2.14000000,39.50654000,1627005328904,False,True
7472474,18.46100000,11.00000000,203.07100000,1627005328905,False,True
7472475,18.46100000,19.00000000,350.75900000,1627005328906,False,True
7472476,18.46100000,3.48800000,64.39196800,1627005328907,False,True
7472477,18.46100000,15.51200000,286.36703200,1627005328907,False,True
7472478,18.46100000,11.88800000,219.46436800,1627005328908,False,True
7472479,18.46200000,0.55400000,10.22794800,1627005328908,False,True
7472480,18.46200000,3.55800000,65.68779600,1627005328908,False,True
7472481,18.46200000,97.67700000,1803.31277400,1627005328929,False,True
7472482,18.46400000,35.45900000,654.71497600,1627005329177,False,True
7472483,18.44600000,0.60900000,11.23361400,1627005333899,True,True
7472484,18.44600000,6.09100000,112.35458600,1627005333902,True,True
7472485,18.44600000,2.60000000,47.95960000,1627005333916,True,True
7472486,18.44400000,3.49800000,64.51711200,1627005333916,True,True
7472487,18.44000000,2.76900000,51.06036000,1627005334323,True,True
7472488,18.44000000,0.61000000,11.24840000,1627005334327,True,True
7472489,18.44000000,1.93900000,35.75516000,1627005334352,True,True
7472490,18.44000000,3.98200000,73.42808000,1627005334460,True,True
7472491,18.43500000,27.51900000,507.31276500,1627005334460,True,True
7472492,18.43400000,9.30000000,171.43620000,1627005336801,True,True
7472493,18.43000000,1.70000000,31.33100000,1627005336801,True,True
7472494,18.44000000,10.50000000,193.62000000,1627005345485,True,True
7472495,18.46900000,0.54700000,10.10254300,1627005351800,False,True
7472496,18.44500000,17.96900000,331.43820500,1627005354719,True,True
7472497,18.46900000,4.82000000,89.02058000,1627005361148,False,True
7472498,18.46000000,108.12200000,1995.93212000,1627005364467,False,True
7472499,18.46000000,0.18000000,3.32280000,1627005364788,False,True
7472500,18.47400000,1.60000000,29.55840000,1627005365854,False,True
7472501,18.47400000,6.59800000,121.89145200,1627005366425,False,True
7472502,18.47500000,1.26400000,23.35240000,1627005366425,False,True
7472503,18.46200000,9.30000000,171.69660000,1627005367769,True,True
7472504,18.46100000,1.18700000,21.91320700,1627005367769,True,True
7472505,18.48100000,0.68900000,12.73340900,1627005369542,False,True
7472506,18.48800000,0.55000000,10.16840000,1627005371192,False,True
7472507,18.49000000,0.45000000,8.32050000,1627005371192,False,True
7472508,18.49000000,0.55000000,10.16950000,1627005371222,False,True
7472509,18.48700000,0.64900000,11.99806300,1627005378519,False,True
7472510,18.45800000,3.00800000,55.52166400,1627005378942,True,True
7472511,18.44300000,1.09900000,20.26885700,1627005397575,True,True
7472512,18.44300000,162.64300000,2999.62484900,1627005404842,True,True
7472513,18.43200000,0.61000000,11.24352000,1627005406339,True,True
7472514,18.43000000,58.42300000,1076.73589000,1627005407428,True,True
7472515,18.42900000,8.13900000,149.99363100,1627005407464,True,True
7472516,18.41600000,5.52500000,101.74840000,1627005408106,True,True
7472517,18.41700000,0.65500000,12.06313500,1627005408559,True,True
7472518,18.42000000,16.03400000,295.34628000,1627005417263,True,True
7472519,18.44800000,0.65000000,11.99120000,1627005422638,False,True
7472520,18.44800000,0.97600000,18.00524800,1627005423848,False,True
7472521,18.44800000,6.69800000,123.56470400,1627005425902,False,True
7472522,18.46200000,8.92000000,164.68104000,1627005429140,False,True
7472523,18.43500000,14.00000000,258.09000000,1627005430283,True,True
7472524,18.43900000,14.16900000,261.26219100,1627005442118,True,True
7472525,18.44000000,2.37100000,43.72124000,1627005459162,True,True
7472526,18.43700000,5.02900000,92.71967300,1627005459162,True,True
7472527,18.44900000,1.60000000,29.51840000,1627005461508,False,True
7472528,18.43100000,9.30000000,171.40830000,1627005466984,True,True
7472529,18.42300000,7.20000000,132.64560000,1627005466984,True,True
7472530,18.40900000,7.00000000,128.86300000,1627005469851,True,True
7472531,18.40900000,0.85000000,15.64765000,1627005469851,True,True
7472532,18.40200000,11.00000000,202.42200000,1627005470169,True,True
7472533,18.43300000,2.37100000,43.70464300,1627005472351,False,True
7472534,18.43800000,4.62900000,85.34950200,1627005472351,False,True
7472535,18.43800000,8.96200000,165.24135600,1627005472358,False,True
7472536,18.44300000,2.03800000,37.58683400,1627005472358,False,True
7472537,18.43800000,9.30000000,171.47340000,1627005472363,False,True
7472538,18.44300000,4.70000000,86.68210000,1627005472363,False,True
7472539,18.44300000,6.74500000,124.39803500,1627005472372,False,True
7472540,18.44300000,9.30000000,171.51990000,1627005472380,False,True
7472541,18.44900000,6.00000000,110.69400000,1627005472380,False,True
7472542,18.44900000,7.00000000,129.14300000,1627005472383,False,True
7472543,18.45700000,0.50000000,9.22850000,1627005472383,False,True
7472544,18.45400000,9.30000000,171.62220000,1627005472431,False,True
7472545,18.45700000,30.50000000,562.93850000,1627005472431,False,True
7472546,18.41800000,0.57300000,10.55351400,1627005472707,True,True
7472547,18.44100000,1.88500000,34.76128500,1627005474347,True,True
7472548,18.47200000,8.98000000,165.87856000,1627005474362,False,True
7472549,18.47200000,0.32000000,5.91104000,1627005476891,False,True
7472550,18.47900000,8.11700000,149.99404300,1627005476891,False,True
7472551,18.47900000,16.25300000,300.33918700,1627005476891,False,True
7472552,18.48600000,2.36600000,43.73787600,1627005476891,False,True
7472553,18.45000000,7.00000000,129.15000000,1627005483878,True,True
7472554,18.47300000,8.25400000,152.47614200,1627005485432,False,True
7472555,18.47100000,9.30000000,171.78030000,1627005502536,False,True
7472556,18.47200000,28.89000000,533.65608000,1627005502536,False,True
7472557,18.47400000,17.23700000,318.43633800,1627005502536,False,True
7472558,18.47800000,16.31500000,301.46857000,1627005502536,False,True
7472559,18.47900000,30.12900000,556.75379100,1627005502536,False,True
7472560,18.48200000,6.43300000,118.89470600,1627005502536,False,True
7472561,18.47300000,15.11700000,279.25634100,1627005519391,True,True
7472562,18.47300000,11.94900000,220.73387700,1627005519400,True,True
7472563,18.45300000,4.50000000,83.03850000,1627005529586,True,True
7472564,18.45100000,2.78800000,51.44138800,1627005530616,True,True
7472565,18.45100000,2.78800000,51.44138800,1627005530616,True,True
7472566,18.45100000,1.42400000,26.27422400,1627005530616,True,True
7472567,18.45100000,1.36400000,25.16716400,1627005530620,True,True
7472568,18.45100000,2.78800000,51.44138800,1627005530620,True,True
7472569,18.45100000,2.78800000,51.44138800,1627005530620,True,True
7472570,18.45100000,0.06000000,1.10706000,1627005530620,True,True
7472571,18.45100000,2.72800000,50.33432800,1627005530621,True,True
7472572,18.45100000,2.78800000,51.44138800,1627005530621,True,True
7472573,18.45100000,2.78800000,51.44138800,1627005530621,True,True
7472574,18.45100000,2.78800000,51.44138800,1627005530621,True,True
7472575,18.45100000,1.98400000,36.60678400,1627005530621,True,True
7472576,18.45000000,48.03900000,886.31955000,1627005530621,True,True
7472577,18.45000000,6.16100000,113.67045000,1627005530621,True,True
7472578,18.43500000,0.83900000,15.46696500,1627005530621,True,True
7472579,18.43800000,7.00000000,129.06600000,1627005530689,True,True
7472580,18.44400000,1.88300000,34.73005200,1627005564378,True,True
7472581,18.48600000,5.40000000,99.82440000,1627005581905,False,True
7472582,18.45200000,5.80300000,107.07695600,1627005598042,True,True
7472583,18.48000000,0.54700000,10.10856000,1627005620871,False,True
7472584,18.45300000,2.78800000,51.44696400,1627005633919,True,True
7472585,18.45300000,2.78800000,51.44696400,1627005633919,True,True
7472586,18.45300000,1.42400000,26.27707200,1627005633919,True,True
7472587,18.46400000,2.70700000,49.98204800,1627005636242,False,True
7472588,18.45300000,1.36400000,25.16989200,1627005637411,True,True
7472589,18.45300000,2.78800000,51.44696400,1627005637411,True,True
7472590,18.45300000,2.78800000,51.44696400,1627005637411,True,True
7472591,18.45300000,0.06000000,1.10718000,1627005637411,True,True
7472592,18.45300000,2.72800000,50.33978400,1627005637415,True,True
7472593,18.45300000,2.78800000,51.44696400,1627005637415,True,True
7472594,18.45300000,1.48400000,27.38425200,1627005637415,True,True
7472595,18.45300000,1.30400000,24.06271200,1627005637757,True,True
7472596,18.45300000,2.78800000,51.44696400,1627005637757,True,True
7472597,18.45300000,1.98300000,36.59229900,1627005637757,True,True
7472598,18.45200000,0.92500000,17.06810000,1627005637757,True,True
7472599,18.45200000,7.00000000,129.16400000,1627005640161,True,True
7472600,18.46000000,7.00000000,129.22000000,1627005641089,False,True
7472601,18.46000000,9.03900000,166.85994000,1627005641092,False,True
7472602,18.46400000,1.96100000,36.20790400,1627005641092,False,True
7472603,18.46400000,12.72000000,234.86208000,1627005641093,False,True
7472604,18.46900000,1.28000000,23.64032000,1627005641093,False,True
7472605,18.46900000,11.00000000,203.15900000,1627005641095,False,True
7472606,18.46900000,11.00000000,203.15900000,1627005641095,False,True
7472607,18.46900000,7.00000000,129.28300000,1627005641096,False,True
7472608,18.46900000,1.38000000,25.48722000,1627005641096,False,True
7472609,18.46900000,9.62000000,177.67178000,1627005641096,False,True
7472610,18.46900000,5.31200000,98.10732800,1627005641098,False,True
7472611,18.46900000,5.68800000,105.05167200,1627005641098,False,True
7472612,18.46900000,14.00000000,258.56600000,1627005641102,False,True
7472613,18.46900000,14.00000000,258.56600000,1627005641111,False,True
7472614,18.47400000,4.50000000,83.13300000,1627005641177,False,True
7472615,18.47400000,34.80000000,642.89520000,1627005641180,False,True
7472616,18.47400000,7.00000000,129.31800000,1627005653318,True,True
7472617,18.47400000,1.11900000,20.67240600,1627005661892,True,True
7472618,18.46700000,3.38100000,62.43692700,1627005661892,True,True
7472619,18.49100000,9.30000000,171.96630000,1627005671186,False,True
7472620,18.49700000,2.78600000,51.53264200,1627005671186,False,True
7472621,18.49700000,2.78600000,51.53264200,1627005671186,False,True
7472622,18.49700000,2.78600000,51.53264200,1627005671186,False,True
7472623,18.49700000,2.78600000,51.53264200,1627005671186,False,True
7472624,18.49700000,2.78600000,51.53264200,1627005671186,False,True
7472625,18.49700000,2.78600000,51.53264200,1627005671186,False,True
7472626,18.49700000,1.01800000,18.82994600,1627005671186,False,True
7472627,18.48800000,0.56800000,10.50118400,1627005674174,False,True
7472628,18.46700000,13.50000000,249.30450000,1627005675023,True,True
7472629,18.46700000,7.00000000,129.26900000,1627005675484,True,True
7472630,18.46700000,4.50000000,83.10150000,1627005681134,True,True
7472631,18.46700000,4.96000000,91.59632000,1627005682432,True,True
7472632,18.45500000,2.78700000,51.43408500,1627005682470,True,True
7472633,18.45500000,2.78700000,51.43408500,1627005682470,True,True
7472634,18.45500000,2.78700000,51.43408500,1627005682470,True,True
7472635,18.45500000,2.78700000,51.43408500,1627005682470,True,True
7472636,18.45500000,2.78700000,51.43408500,1627005682470,True,True
7472637,18.45500000,2.78700000,51.43408500,1627005682470,True,True
7472638,18.45500000,2.78700000,51.43408500,1627005682470,True,True
7472639,18.45500000,2.78700000,51.43408500,1627005682470,True,True
7472640,18.45500000,2.78700000,51.43408500,1627005682470,True,True
7472641,18.45500000,1.97700000,36.48553500,1627005682470,True,True
7472642,18.45200000,29.34000000,541.38168000,1627005682470,True,True
7472643,18.45200000,11.00000000,202.97200000,1627005682712,True,True
7472644,18.45200000,7.00000000,129.16400000,1627005682803,True,True
7472645,18.45200000,7.00000000,129.16400000,1627005683952,True,True
7472646,18.45200000,46.12400000,851.08004800,1627005684645,True,True
7472647,18.45000000,59.62000000,1099.98900000,1627005684718,True,True
7472648,18.42100000,7.00000000,128.94700000,1627005685032,True,True
7472649,18.42500000,7.00000000,128.97500000,1627005687084,True,True
7472650,18.42800000,7.40000000,136.36720000,1627005692166,True,True
7472651,18.42700000,4.50000000,82.92150000,1627005694609,True,True
7472652,18.42300000,7.00000000,128.96100000,1627005723455,True,True
7472653,18.42200000,7.00000000,128.95400000,1627005725543,True,True
7472654,18.42200000,2.30000000,42.37060000,1627005725551,True,True
7472655,18.41900000,4.70000000,86.56930000,1627005725551,True,True
7472656,18.41800000,1.59400000,29.35829200,1627005726713,True,True
7472657,18.44400000,9.30000000,171.52920000,1627005728900,False,True
7472658,18.45500000,7.50000000,138.41250000,1627005728917,False,True
7472659,18.47500000,8.12100000,150.03547500,1627005730733,False,True
7472660,18.45400000,14.90000000,274.96460000,1627005732335,True,True
7472661,18.45000000,2.36200000,43.57890000,1627005736062,True,True
7472662,18.43600000,4.63800000,85.50616800,1627005736062,True,True
7472663,18.43600000,3.00000000,55.30800000,1627005736064,True,True
7472664,18.42800000,4.50000000,82.92600000,1627005758412,True,True
7472665,18.42800000,1.50000000,27.64200000,1627005758578,True,True
7472666,18.42800000,1.50000000,27.64200000,1627005758604,True,True
7472667,18.42800000,1.50000000,27.64200000,1627005758631,True,True
7472668,18.42800000,1.33900000,24.67509200,1627005777906,True,True
7472669,18.44000000,4.06500000,74.95860000,1627005805143,False,True
7472670,18.44000000,25.00000000,461.00000000,1627005805986,False,True
7472671,18.44000000,14.85000000,273.83400000,1627005805986,False,True
7472672,18.44000000,4.06500000,74.95860000,1627005805998,False,True
7472673,18.45000000,2.36200000,43.57890000,1627005834466,False,True
7472674,18.45300000,57.01800000,1052.15315400,1627005834485,False,True
7472675,18.45300000,40.57200000,748.67511600,1627005834486,False,True
7472676,18.46700000,9.30000000,171.74310000,1627005834509,False,True
7472677,18.47000000,14.60000000,269.66200000,1627005834509,False,True
7472678,18.46700000,9.30000000,171.74310000,1627005834523,False,True
7472679,18.47000000,8.60000000,158.84200000,1627005834523,False,True
7472680,18.44800000,9.30000000,171.56640000,1627005872223,True,True
7472681,18.44500000,2.89500000,53.39827500,1627005872223,True,True
7472682,18.46300000,4.38000000,80.86794000,1627005899468,True,True
7472683,18.46300000,3.79900000,70.14093700,1627005899709,True,True
7472684,18.47100000,14.61100000,269.87978100,1627005917745,True,True
7472685,18.48900000,1.12400000,20.78163600,1627005946707,False,True
7472686,18.48900000,7.05200000,130.38442800,1627005949306,False,True
7472687,18.48900000,1.12400000,20.78163600,1627005949307,False,True
7472688,18.49200000,16.11600000,298.01707200,1627005949307,False,True
7472689,18.49200000,119.12200000,2202.80402400,1627005949315,False,True
7472690,18.49500000,21.03300000,389.00533500,1627005949324,False,True
7472691,18.50000000,27.02700000,499.99950000,1627005949361,False,True
7472692,18.50000000,0.89000000,16.46500000,1627005949365,True,True
7472693,18.50600000,1.15200000,21.31891200,1627005950810,True,True
7472694,18.50600000,13.18000000,243.90908000,1627005951596,True,True
7472695,18.50100000,9.30000000,172.05930000,1627005951596,True,True
7472696,18.50000000,4.51800000,83.58300000,1627005951596,True,True
7472697,18.50000000,4.37000000,80.84500000,1627005951596,True,True
7472698,18.48900000,1.87500000,34.66687500,1627005954618,True,True
7472699,18.48900000,3.90700000,72.23652300,1627005955139,True,True
7472700,18.48900000,0.55900000,10.33535100,1627005955851,True,True
7472701,18.51400000,1.60000000,29.62240000,1627005966978,False,True
7472702,18.50100000,11.47700000,212.33597700,1627005977645,True,True
7472703,18.51400000,2.44900000,45.34078600,1627005980489,False,True
7472704,18.52000000,2.95100000,54.65252000,1627005980489,False,True
7472705,18.52600000,1.07900000,19.98955400,1627005984579,False,True
7472706,18.50500000,9.30000000,172.09650000,1627005993855,True,True
7472707,18.50400000,1.15400000,21.35361600,1627005993855,True,True
7472708,18.52200000,1.85600000,34.37683200,1627005999456,False,True
7472709,18.52200000,17.00000000,314.87400000,1627006026772,False,True
7472710,18.52200000,14.88200000,275.64440400,1627006026773,False,True
7472711,18.52600000,2.11800000,39.23806800,1627006026773,False,True
7472712,18.52600000,14.00000000,259.36400000,1627006026775,False,True
7472713,18.52600000,17.00000000,314.94200000,1627006026776,False,True
7472714,18.52600000,16.00000000,296.41600000,1627006026777,False,True
7472715,18.52600000,17.00000000,314.94200000,1627006026777,False,True
7472716,18.52600000,16.00000000,296.41600000,1627006026779,False,True
7472717,18.52600000,17.00000000,314.94200000,1627006026780,False,True
7472718,18.52600000,17.00000000,314.94200000,1627006026781,False,True
7472719,18.52600000,7.25700000,134.44318200,1627006026784,False,True
7472720,18.52700000,6.74300000,124.92756100,1627006026784,False,True
7472721,18.52700000,2.55700000,47.37353900,1627006026785,False,True
7472722,18.52800000,1.34800000,24.97574400,1627006026785,False,True
7472723,18.52800000,10.09500000,187.04016000,1627006026785,False,True
7472724,18.52800000,6.31300000,116.96726400,1627006026786,False,True
7472725,18.53300000,10.68700000,198.06217100,1627006026786,False,True
7472726,18.53700000,4.50000000,83.41650000,1627006027062,True,True
7472727,18.55500000,8.99100000,166.82800500,1627006028348,False,True
7472728,18.53900000,9.30000000,172.41270000,1627006028750,True,True
7472729,18.55800000,0.55300000,10.26257400,1627006029620,False,True
7472730,18.56100000,1.32000000,24.50052000,1627006029620,False,True
7472731,18.56000000,52.50000000,974.40000000,1627006029800,True,True
7472732,18.56000000,8.98900000,166.83584000,1627006030357,False,True
7472733,18.54100000,2.34900000,43.55280900,1627006030747,True,True
7472734,18.54000000,3.08700000,57.23298000,1627006030747,True,True
7472735,18.55800000,7.88200000,146.27415600,1627006032364,False,True
7472736,18.53300000,9.30000000,172.35690000,1627006033397,True,True
7472737,18.53100000,22.03200000,408.27499200,1627006033397,True,True
7472738,18.53100000,0.97600000,18.08625600,1627006033967,True,True
7472739,18.55000000,2.34900000,43.57395000,1627006041269,False,True
7472740,18.57700000,30.43300000,565.35384100,1627006043069,False,True
7472741,18.58100000,9.30000000,172.80330000,1627006043069,False,True
7472742,18.58300000,2.77500000,51.56782500,1627006043069,False,True
7472743,18.58300000,2.77500000,51.56782500,1627006043069,False,True
7472744,18.58300000,2.77500000,51.56782500,1627006043069,False,True
7472745,18.58300000,2.77500000,51.56782500,1627006043069,False,True
7472746,18.58300000,2.77500000,51.56782500,1627006043069,False,True
7472747,18.58300000,2.77500000,51.56782500,1627006043069,False,True
7472748,18.58300000,2.77500000,51.56782500,1627006043069,False,True
7472749,18.58300000,2.77500000,51.56782500,1627006043069,False,True
7472750,18.58300000,2.77500000,51.56782500,1627006043069,False,True
7472751,18.58300000,1.96800000,36.57134400,1627006043069,False,True
7472752,18.58700000,0.15300000,2.84381100,1627006043069,False,True
7472753,18.58500000,0.71900000,13.36261500,1627006043379,False,True
7472754,18.56100000,9.30000000,172.61730000,1627006044377,True,True
7472755,18.55900000,22.03200000,408.89188800,1627006044377,True,True
7472756,18.58300000,9.30000000,172.82190000,1627006045264,False,True
7472757,18.58300000,29.13000000,541.32279000,1627006045264,False,True
7472758,18.56000000,0.54400000,10.09664000,1627006046750,True,True
7472759,18.55500000,0.78300000,14.52856500,1627006048971,True,True
7472760,18.55500000,0.90400000,16.77372000,1627006050542,True,True
7472761,18.55500000,0.78300000,14.52856500,1627006050589,True,True
7472762,18.54200000,7.72600000,143.25549200,1627006051438,True,True
7472763,18.53300000,1.09400000,20.27510200,1627006059460,True,True
7472764,18.53300000,0.71000000,13.15843000,1627006059761,True,True
7472765,18.53400000,7.00000000,129.73800000,1627006062507,True,True
7472766,18.56500000,0.66000000,12.25290000,1627006076270,False,True
7472767,18.54200000,3.71800000,68.93915600,1627006077295,True,True
7472768,18.52100000,0.55500000,10.27915500,1627006099984,True,True
7472769,18.50800000,1.36500000,25.26342000,1627006106835,True,True
7472770,18.50800000,1.09000000,20.17372000,1627006106848,True,True
7472771,18.51000000,14.00000000,259.14000000,1627006115542,True,True
7472772,18.51000000,10.77400000,199.42674000,1627006115544,True,True
7472773,18.51000000,3.22600000,59.71326000,1627006115544,True,True
7472774,18.51100000,35.70000000,660.84270000,1627006119467,True,True
7472775,18.51000000,6.07400000,112.42974000,1627006119467,True,True
7472776,18.50900000,3.22600000,59.71003400,1627006119467,True,True
7472777,18.53200000,3.01400000,55.85544800,1627006136528,False,True
7472778,18.53300000,7.98600000,148.00453800,1627006136528,False,True
7472779,18.53300000,1.31400000,24.35236200,1627006136530,False,True
7472780,18.54100000,9.68600000,179.58812600,1627006136530,False,True
7472781,18.54100000,7.00000000,129.78700000,1627006136531,False,True
7472782,18.54100000,0.54700000,10.14192700,1627006136532,False,True
7472783,18.54300000,10.45300000,193.82997900,1627006136532,False,True
7472784,18.54300000,11.00000000,203.97300000,1627006136534,False,True
7472785,18.54300000,6.15100000,114.05799300,1627006136536,False,True
7472786,18.54400000,0.84900000,15.74385600,1627006136536,False,True
7472787,18.54800000,14.93000000,276.92164000,1627006136537,False,True
7472788,18.55400000,16.17000000,300.01818000,1627006136537,False,True
7472789,18.55600000,2.78000000,51.58568000,1627006136537,False,True
7472790,18.55600000,2.78000000,51.58568000,1627006136537,False,True
7472791,18.55600000,2.78000000,51.58568000,1627006136537,False,True
7472792,18.55600000,2.78000000,51.58568000,1627006136537,False,True
7472793,18.55600000,2.78000000,51.58568000,1627006136537,False,True
7472794,18.55600000,2.78000000,51.58568000,1627006136537,False,True
7472795,18.55600000,2.78000000,51.58568000,1627006136537,False,True
7472796,18.55600000,2.78000000,51.58568000,1627006136537,False,True
7472797,18.55600000,2.78000000,51.58568000,1627006136537,False,True
7472798,18.55600000,1.97200000,36.59243200,1627006136537,False,True
7472799,18.55700000,39.30000000,729.29010000,1627006136537,False,True
7472800,18.56100000,13.14400000,243.96578400,1627006136537,False,True
7472801,18.55700000,4.50000000,83.50650000,1627006136570,False,True
7472802,18.55700000,1.50000000,27.83550000,1627006136594,False,True
7472803,18.57400000,8.99100000,166.99883400,1627006137969,False,True
7472804,18.57200000,1.48000000,27.48656000,1627006140006,False,True
7472805,18.57400000,52.50000000,975.13500000,1627006142932,True,True
7472806,18.57300000,0.54400000,10.10371200,1627006143533,True,True
7472807,18.54500000,7.00000000,129.81500000,1627006174119,True,True
7472808,18.52300000,9.30000000,172.26390000,1627006203522,True,True
7472809,18.51900000,4.70000000,87.03930000,1627006203522,True,True
7472810,18.51900000,7.00000000,129.63300000,1627006203523,True,True
7472811,18.51900000,14.00000000,259.26600000,1627006203531,True,True
7472812,18.52300000,9.30000000,172.26390000,1627006203589,True,True
7472813,18.51400000,4.70000000,87.01580000,1627006203589,True,True
7472814,18.52400000,38.00400000,703.98609600,1627006204125,True,True
7472815,18.52400000,11.00000000,203.76400000,1627006206129,True,True
7472816,18.52400000,5.22000000,96.69528000,1627006207254,True,True
7472817,18.52400000,102.43500000,1897.50594000,1627006210285,True,True
7472818,18.51300000,63.03000000,1166.87439000,1627006210285,True,True
7472819,18.50900000,7.00000000,129.56300000,1627006210847,True,True
7472820,18.50900000,11.00000000,203.59900000,1627006210847,True,True
7472821,18.50900000,7.00000000,129.56300000,1627006210849,True,True
7472822,18.50900000,7.00000000,129.56300000,1627006210857,True,True
7472823,18.50900000,3.80000000,70.33420000,1627006210859,True,True
7472824,18.50900000,3.20000000,59.22880000,1627006210859,True,True
7472825,18.50800000,11.00000000,203.58800000,1627006211035,True,True
7472826,18.50800000,5.20900000,96.40817200,1627006211037,True,True
7472827,18.50800000,5.79100000,107.17982800,1627006211037,True,True
7472828,18.50800000,11.00000000,203.58800000,1627006211039,True,True
7472829,18.50800000,11.00000000,203.58800000,1627006211044,True,True
7472830,18.50800000,7.00000000,129.55600000,1627006211306,True,True
7472831,18.49600000,2.78200000,51.45587200,1627006211651,True,True
7472832,18.49600000,2.78200000,51.45587200,1627006211651,True,True
7472833,18.49600000,2.78200000,51.45587200,1627006211651,True,True
7472834,18.49600000,2.65400000,49.08838400,1627006211651,True,True
7472835,18.49600000,0.12800000,2.36748800,1627006212575,True,True
7472836,18.49600000,0.42000000,7.76832000,1627006212575,True,True
7472837,18.51800000,9.30000000,172.21740000,1627006216627,False,True
7472838,18.52300000,40.67300000,753.38597900,1627006216627,False,True
7472839,18.52300000,9.30000000,172.26390000,1627006216721,False,True
7472840,18.52700000,95.64800000,1772.07049600,1627006216721,False,True
7472841,18.50600000,1.39600000,25.83437600,1627006217164,True,True
7472842,18.50000000,9.30000000,172.05000000,1627006223554,True,True
7472843,18.49900000,15.71700000,290.74878300,1627006223554,True,True
7472844,18.49600000,63.36800000,1172.05452800,1627006223554,True,True
7472845,18.49600000,2.78100000,51.43737600,1627006223554,True,True
7472846,18.49600000,2.78100000,51.43737600,1627006223554,True,True
7472847,18.49600000,2.78100000,51.43737600,1627006223554,True,True
7472848,18.49600000,2.78100000,51.43737600,1627006223554,True,True
7472849,18.49600000,2.78100000,51.43737600,1627006223554,True,True
7472850,18.49600000,2.78100000,51.43737600,1627006223554,True,True
7472851,18.49600000,2.78100000,51.43737600,1627006223554,True,True
7472852,18.49600000,2.78100000,51.43737600,1627006223554,True,True
7472853,18.49600000,2.78100000,51.43737600,1627006223554,True,True
7472854,18.49600000,1.97300000,36.49260800,1627006223554,True,True
7472855,18.49500000,50.07800000,926.19261000,1627006223554,True,True
7472856,18.49500000,5.22000000,96.54390000,1627006233891,True,True
7472857,18.51600000,17.24000000,319.21584000,1627006254273,False,True
7472858,18.50200000,9.30000000,172.06860000,1627006254466,True,True
7472859,18.50100000,1.70000000,31.45170000,1627006254466,True,True
7472860,18.50100000,11.00000000,203.51100000,1627006254511,True,True
7472861,18.54100000,1.25800000,23.32457800,1627006255652,False,True
7472862,18.53500000,52.50000000,973.08750000,1627006258075,True,True
7472863,18.51900000,0.56800000,10.51879200,1627006261118,True,True
7472864,18.53400000,4.00000000,74.13600000,1627006290145,False,True
7472865,18.51800000,9.30000000,172.21740000,1627006313198,False,True
7472866,18.51800000,35.80000000,662.94440000,1627006313198,False,True
7472867,18.52400000,27.60100000,511.28092400,1627006313198,False,True
7472868,18.53100000,17.23400000,319.36325400,1627006313198,False,True
7472869,18.53200000,18.03300000,334.18755600,1627006313198,False,True
7472870,18.49600000,2.78100000,51.43737600,1627006345527,True,True
7472871,18.49600000,4.21900000,78.03462400,1627006345527,True,True
7472872,18.49600000,5.08100000,93.97817600,1627006345528,True,True
7472873,18.49600000,1.91900000,35.49382400,1627006345528,True,True
7472874,18.49600000,7.00000000,129.47200000,1627006345533,True,True
7472875,18.50100000,7.00000000,129.50700000,1627006354621,True,True
7472876,18.50100000,7.00000000,129.50700000,1627006354625,True,True
7472877,18.50100000,2.17900000,40.31367900,1627006354625,True,True
7472878,18.50100000,4.82100000,89.19332100,1627006354625,True,True
7472879,18.50100000,7.00000000,129.50700000,1627006354632,True,True
7472880,18.52800000,9.30000000,172.31040000,1627006372443,False,True
7472881,18.53200000,2.78100000,51.53749200,1627006372445,False,True
7472882,18.53200000,2.78100000,51.53749200,1627006372445,False,True
7472883,18.53200000,2.78100000,51.53749200,1627006372445,False,True
7472884,18.53200000,0.01700000,0.31504400,1627006372445,False,True
7472885,18.53200000,2.76400000,51.22244800,1627006372445,False,True
7472886,18.53200000,2.78100000,51.53749200,1627006372445,False,True
7472887,18.53200000,2.78100000,51.53749200,1627006372445,False,True
7472888,18.53200000,0.03400000,0.63008800,1627006372445,False,True
7472889,18.53200000,2.74700000,50.90740400,1627006372447,False,True
7472890,18.53200000,2.78100000,51.53749200,1627006372447,False,True
7472891,18.53200000,2.78100000,51.53749200,1627006372447,False,True
7472892,18.53200000,0.05100000,0.94513200,1627006372447,False,True
7472893,18.53200000,1.92300000,35.63703600,1627006372447,False,True
7472894,18.53300000,14.54700000,269.59955100,1627006372447,False,True
7472895,18.53200000,8.36000000,154.92752000,1627006372448,False,True
7472896,18.53200000,0.94000000,17.42008000,1627006372448,False,True
7472897,18.53300000,15.54000000,288.00282000,1627006372448,False,True
7472898,18.53300000,8.36000000,154.93588000,1627006372449,False,True
7472899,18.53300000,37.52300000,695.41375900,1627006372455,False,True
7472900,18.54300000,9.30000000,172.44990000,1627006372471,False,True
7472901,18.54400000,57.70000000,1069.98880000,1627006372471,False,True
7472902,18.55000000,9.30000000,172.51500000,1627006372579,False,True
7472903,18.58300000,8.98500000,166.96825500,1627006374354,False,True
7472904,18.58100000,1.09800000,20.40193800,1627006376390,False,True
7472905,18.57400000,5.58600000,103.75436400,1627006379702,True,True
7472906,18.57400000,5.00000000,92.87000000,1627006379708,True,True
7472907,18.57400000,5.00000000,92.87000000,1627006379711,True,True
7472908,18.57400000,15.00000000,278.61000000,1627006379714,True,True
7472909,18.57400000,1.91400000,35.55063600,1627006379716,True,True
7472910,18.57400000,20.00000000,371.48000000,1627006379716,True,True
7472911,18.55400000,2.41500000,44.80791000,1627006380407,True,True
7472912,18.53800000,6.58500000,122.07273000,1627006380407,True,True
7472913,18.54900000,1.60600000,29.78969400,1627006382412,True,True
7472914,18.55900000,0.59700000,11.07972300,1627006385169,True,True
7472915,18.57400000,0.59200000,10.99580800,1627006387464,False,True
7472916,18.55900000,29.79500000,552.96540500,1627006388407,True,True
7472917,18.54900000,0.99700000,18.49335300,1627006389003,True,True
7472918,18.54900000,6.69700000,124.22265300,1627006400633,True,True
7472919,18.54700000,0.30300000,5.61974100,1627006400633,True,True
7472920,18.54700000,7.00000000,129.82900000,1627006401851,True,True
7472921,18.58300000,9.30000000,172.82190000,1627006446035,False,True
7472922,18.58600000,6.70000000,124.52620000,1627006446035,False,True
7472923,18.58600000,19.00000000,353.13400000,1627006446037,False,True
7472924,18.58600000,5.33100000,99.08196600,1627006446037,False,True
7472925,18.58700000,0.39400000,7.32327800,1627006446037,False,True
7472926,18.58800000,1.82300000,33.88592400,1627006446037,False,True
7472927,18.58900000,8.45200000,157.11422800,1627006446037,False,True
7472928,18.58900000,1.54800000,28.77577200,1627006446038,False,True
7472929,18.59400000,0.54700000,10.17091800,1627006446038,False,True
7472930,18.60100000,13.90500000,258.64690500,1627006446038,False,True
7472931,18.60100000,16.00000000,297.61600000,1627006446039,False,True
7472932,18.60100000,0.09500000,1.76709500,1627006446040,False,True
7472933,18.60500000,1.00000000,18.60500000,1627006446040,False,True
7472934,18.61300000,14.90500000,277.42676500,1627006446040,False,True
7472935,18.61300000,19.00000000,353.64700000,1627006446040,False,True
7472936,18.61300000,5.39500000,100.41713500,1627006446041,False,True
7472937,18.61400000,8.60500000,160.17347000,1627006446041,False,True
7472938,18.61400000,19.00000000,353.66600000,1627006446042,False,True
7472939,18.61400000,6.96800000,129.70235200,1627006446043,False,True
7472940,18.61500000,7.03200000,130.90068000,1627006446043,False,True
7472941,18.61500000,1.94700000,36.24340500,1627006446044,False,True
7472942,18.61600000,2.72500000,50.72860000,1627006446044,False,True
7472943,18.61600000,11.32800000,210.88204800,1627006446044,False,True
7472944,18.61600000,19.00000000,353.70400000,1627006446044,False,True
7472945,18.58300000,9.30000000,172.82190000,1627006446045,False,True
7472946,18.61600000,6.70000000,124.72720000,1627006446045,False,True
7472947,18.61600000,19.00000000,353.70400000,1627006446045,False,True
7472948,18.61600000,14.00000000,260.62400000,1627006446046,False,True
7472949,18.61600000,10.54800000,196.36156800,1627006446046,False,True
7472950,18.61700000,8.45200000,157.35088400,1627006446046,False,True
7472951,18.61700000,0.71900000,13.38562300,1627006446046,False,True
7472952,18.61900000,9.17100000,170.75484900,1627006446046,False,True
7472953,18.62300000,0.65000000,12.10495000,1627006446046,False,True
7472954,18.62300000,5.46000000,101.68158000,1627006446046,False,True
7472955,18.62300000,19.00000000,353.83700000,1627006446050,False,True
7472956,18.62300000,19.00000000,353.83700000,1627006446051,False,True
7472957,18.62300000,9.04000000,168.35192000,1627006446065,False,True
7472958,18.62500000,9.96000000,185.50500000,1627006446065,False,True
7472959,18.60000000,29.30700000,545.11020000,1627006446143,False,True
7472960,18.62600000,0.79900000,14.88217400,1627006446990,False,True
7472961,18.63300000,8.97800000,167.28707400,1627006447772,False,True
7472962,18.63300000,0.64400000,11.99965200,1627006449128,False,True
7472963,18.62700000,8.99200000,167.49398400,1627006449792,False,True
7472964,18.62700000,2.84200000,52.93793400,1627006451809,False,True
7472965,18.63500000,0.59300000,11.05055500,1627006453872,False,True
7472966,18.63800000,0.10400000,1.93835200,1627006453872,False,True
7472967,18.62400000,1.01000000,18.81024000,1627006454220,True,True
7472968,18.62400000,19.43700000,361.99468800,1627006454300,True,True
7472969,18.62400000,11.00000000,204.86400000,1627006454803,True,True
7472970,18.63800000,4.00000000,74.55200000,1627006456621,False,True
7472971,18.62400000,0.90800000,16.91059200,1627006456814,True,True
7472972,18.63900000,0.94900000,17.68841100,1627006459664,False,True
7472973,18.62400000,11.00000000,204.86400000,1627006460142,True,True
7472974,18.61000000,9.00000000,167.49000000,1627006460846,True,True
7472975,18.60300000,4.50000000,83.71350000,1627006462430,True,True
7472976,18.60200000,0.95600000,17.78351200,1627006464951,True,True
7472977,18.62500000,9.30000000,173.21250000,1627006466323,False,True
7472978,18.62500000,1.56600000,29.16675000,1627006466323,False,True
7472979,18.62600000,12.30400000,229.17430400,1627006466323,False,True
7472980,18.60400000,2.40800000,44.79843200,1627006470910,True,True
7472981,18.60300000,8.59200000,159.83697600,1627006470910,True,True
7472982,18.57700000,4.04800000,75.19969600,1627006473485,True,True
7472983,18.57200000,9.30000000,172.71960000,1627006475153,True,True
7472984,18.57000000,4.70000000,87.27900000,1627006475153,True,True
7472985,18.60100000,2.40800000,44.79120800,1627006502682,False,True
7472986,18.58200000,2.41200000,44.81978400,1627006505021,True,True
7472987,18.58100000,2.08800000,38.79712800,1627006505021,True,True
7472988,18.59200000,4.00000000,74.36800000,1627006508321,False,True
7472989,18.57000000,2.16500000,40.20405000,1627006510460,True,True
7472990,18.56400000,21.73500000,403.48854000,1627006510460,True,True
7472991,18.54700000,9.30000000,172.48710000,1627006511951,True,True
7472992,18.54700000,1.70000000,31.52990000,1627006511951,True,True
7472993,18.53800000,2.10000000,38.92980000,1627006520539,True,True
7472994,18.53800000,2.40000000,44.49120000,1627006520548,True,True
7472995,18.53800000,1.40000000,25.95320000,1627006520591,True,True
7472996,18.53800000,1.50000000,27.80700000,1627006520604,True,True
7472997,18.53500000,7.00000000,129.74500000,1627006520961,True,True
7472998,18.53500000,7.00000000,129.74500000,1627006520968,True,True
7472999,18.53500000,1.38400000,25.65244000,1627006521026,True,True
7473000,18.54400000,3.31800000,61.52899200,1627006528434,False,True
7473001,18.53500000,2.20000000,40.77700000,1627006538503,True,True
7473002,18.53500000,2.20000000,40.77700000,1627006538515,True,True
7473003,18.53600000,1.60000000,29.65760000,1627006538522,True,True
7473004,18.54000000,11.00000000,203.94000000,1627006559689,True,True
7473005,18.55400000,2.41200000,44.75224800,1627006572915,False,True
7473006,18.55900000,32.94700000,611.46337300,1627006572926,False,True
7473007,18.55900000,11.00000000,204.14900000,1627006573117,True,True
7473008,18.55900000,11.00000000,204.14900000,1627006573124,True,True
7473009,18.56100000,11.00000000,204.17100000,1627006573211,True,True
7473010,18.56100000,11.00000000,204.17100000,1627006573305,True,True
7473011,18.56200000,2.41700000,44.86435400,1627006573981,True,True
7473012,18.56200000,8.58300000,159.31764600,1627006573981,True,True
7473013,18.56200000,11.00000000,204.18200000,1627006574057,True,True
7473014,18.56200000,11.00000000,204.18200000,1627006574062,True,True
7473015,18.56200000,4.43300000,82.28534600,1627006574095,True,True
7473016,18.56100000,6.56700000,121.89008700,1627006574095,True,True
7473017,18.56100000,11.00000000,204.17100000,1627006574096,True,True
7473018,18.55900000,10.94700000,203.16537300,1627006574410,True,True
7473019,18.57600000,7.19000000,133.56144000,1627006574522,False,True
7473020,18.54100000,9.30000000,172.43130000,1627006620781,True,True
7473021,18.53900000,1.70000000,31.51630000,1627006620781,True,True
7473022,18.54500000,7.00000000,129.81500000,1627006661078,True,True
7473023,18.54500000,7.00000000,129.81500000,1627006661082,True,True
7473024,18.54500000,7.00000000,129.81500000,1627006661091,True,True
7473025,18.54500000,7.00000000,129.81500000,1627006661181,True,True
7473026,18.56500000,2.41700000,44.87160500,1627006666917,False,True
7473027,18.56600000,4.58300000,85.08797800,1627006666917,False,True
7473028,18.56600000,4.71700000,87.57582200,1627006666917,False,True
7473029,18.57200000,2.28300000,42.39987600,1627006666917,False,True
7473030,18.57200000,11.00000000,204.29200000,1627006666919,False,True
7473031,18.57200000,0.35600000,6.61163200,1627006666920,False,True
7473032,18.57600000,10.64400000,197.72294400,1627006666920,False,True
7473033,18.57600000,4.93800000,91.72828800,1627006666920,False,True
7473034,18.57900000,2.06200000,38.30989800,1627006666920,False,True
7473035,18.57900000,0.71300000,13.24682700,1627006666921,False,True
7473036,18.57900000,2.77500000,51.55672500,1627006666921,False,True
7473037,18.57900000,2.77500000,51.55672500,1627006666921,False,True
7473038,18.57900000,0.73700000,13.69272300,1627006666921,False,True
7473039,18.57900000,2.03800000,37.86400200,1627006666927,False,True
7473040,18.57900000,2.77500000,51.55672500,1627006666927,False,True
7473041,18.57900000,2.18700000,40.63227300,1627006666927,False,True
